2875 4650
346 269 910 368 rRAEFATlo.
1055 302 1145 365 xit}

97 459 139 554 ς,
168 465 268 549 tur,
303 446 397 530 idern
429 445 569 530 Paulus
599 469 649 528 ex
679 440 833 528 diversis
859 442 1149 530 annositatibus

105 619 148 662 ‚,
181 567 203 672 (
213 559 453 668 sudoribus)
479 559 639 666 proprio
664 555 748 641 stilo
770 560 989 643 connexuit.
1005 560 1030 600 ”
1083 565 1154 642 Ιῃ,
1276 625 1282 642 ,

118 673 315 778 terpolatis
333 675 436 755 enirn
457 669 593 776 decem
612 671 784 778 Eutropii
804 669 908 754 libris
937 673 1032 756 aliae
1056 672 1141 774 lex,

121 787 209 868 ot'lo
227 785 324 868 aliae
346 785 539 868 l'aullinos
558 784 607 866 de
627 781 753 866 Gestis
774 786 1040 868 Rornanorum
1062 785 1146 868 sub-

118 918 310 1000 mittunt,
342 895 404 980 sed
431 895 568 980 eodem
599 916 728 978 tamen
758 895 929 980 redeunt.
992 905 1035 980 ln
1063 901 1145 1005 qui-

115 1007 281 1094 busdam
315 1037 409 1092 vero
445 1009 607 1112 Paullini
636 1007 723 1091 libri
748 1007 964 1091 indistinete
988 1013 1147 1118 sequun-

113 1145 205 1220 tur,
237 1145 279 1206 ut
308 1123 456 1229 primus
483 1119 630 1204 dicatur
658 1119 772 1204 Liber
803 1118 1050 1222 undecimus,
1079 1123 1145 1230 qui

118 1235 160 1315 in
181 1237 263 1316 aliis
287 1235 410 1316 Paulli
434 1235 596 1316 Diaconi
618 1231 733 1316 Liber
753 1233 898 1342 primus
920 1231 986 1317 est.
1025 1233 1147 1338 Quod

118 1371 248 1430 autern
271 1351 369 1432 llnt.
390 1343 655 1432 Sclronlrovius
672 1341 770 1428 duos
797 1366 989 1430 tantuma
1013 1345 1146 1430 Paullo
1174 1405 1178 1408 -

118 1463 238 1542 libros
256 1457 414 1542 additos
435 1459 577 1556 scribit,
608 1458 648 1540 in
670 1460 774 1541 nulla
791 1459 922 1566 reperi.
943 1461 1030 1573 Jam
1053 1486 1146 1543 vero

118 1577 171 1656 A.
186 1596 335 1657 rruxx.
366 1571 541 1654 Venetiis
561 1577 613 1656 8⁰.
644 1571 871 1676 Eutropium
886 1569 1147 1657 fincerumda·

119 1713 184 1784 re,
213 1687 256 1767 δι
275 1714 299 1768 a
320 1685 436 1766 Paulli
460 1682 817 1791 interpolationibus
837 1688 1002 1792 Eparare
1027 1710 1146 1769 eona-

121 1819 187 1880 tus
209 1795 314 1880 fuille
335 1799 368 1909 J.
382 1791 551 1903 Baptista
569 1795 756 1905 Egnatius
777 1794 914 1881 dicitur
935 1799 996 1882 Cl.
1014 1797 1147 1884 Fabri·

122 1911 214 2008 cio,
244 1909 287 1990 dr
314 1909 391 1998 hac,
407 1908 577 1991 editione
601 1911 636 1991 se
660 1911 744 1992 usos
761 1907 943 1992 testantur
962 1910 1147 1996 Cellatius

121 2021 167 2104 δι
194 2023 361 2106 Hesrne
417 2023 533 2105 Hanc
560 2047 677 2130 quum
700 2019 765 2104 diu
786 2019 920 2106 ftullra
947 2019 1148 2128 quaefivis·

121 2135 222 2236 sent,
251 2135 302 2216 ita
326 2154 365 2216 ut
387 2129 586 2216 dimidium
606 2161 704 2241 opus
732 2143 806 2236 jam
837 2135 941 2245 typis
964 2130 1052 2217 ellet
1080 2132 1147 2218 de·

120 2249 327 2355 scriptum,
355 2245 429 2329 Vir
451 2247 592 2330 meritis
609 2247 649 2329 in
669 2273 747 2329 rem
765 2246 984 2331 Literariam
1003 2249 1147 2332 inmor-

120 2364 231 2463 talis,
260 2359 304 2442 δι
321 2358 383 2441 cui
401 2381 586 2466 qnantum
608 2358 771 2443 debeant
792 2358 1058 2468 Eutropius&
1079 2361 1146 2444 Ee·
1169 2382 1174 2392 ·

123 2472 224 2572 stus,
247 2479 358 2581 plura
380 2466 535 2554 sublidit
555 2472 695 2578 saepius
709 2470 775 2555 'hic
786 2470 1009 2556 recensenda
1022 2470 1148 2556 osten·

123 2584 246 2685 dunt,
276 2586 316 2667 P.
330 2584 575 2668 Burmannus
594 2582 791 2667 Secundus
808 2586 909 2669 trina
928 2582 1019 2667 milri
1036 2584 1148 2669 obtu-

127 2700 172 2779 lit
189 2702 444 2805 exemplaria,
475 2723 637 2803 quorum
658 2698 816 2780 alterurn
845 2716 991 2805 praeter
1013 2700 1150 2782 Sueto·
1252 2768 1274 2792 p

128 2810 265 2909 nium,
293 2810 436 2891 llurelii
467 2808 633 2891 Vltionis
661 2808 877 2915 Excerpta‚
903 2806 1035 2893 decern
1068 2811 1146 2893 Eu·

129 2923 272 3028 tropii‚
301 2918 341 3001 &
359 2920 447 3003 uilo
475 2920 513 3003 P.
528 2921 693 3005 Diaconi
715 2922 833 3005 libros
849 2919 1052 3004 continens
1071 2922 1149 3005 Ve-

128 3033 242 3118 netris
271 3032 373 3139 apud
403 3030 549 3115 Aldum
584 3036 636 3115 A.
665 3054 824 3117 Muxvr.
866 3041 916 3120 8⁰.
946 3032 1149 3141 inprellunr

128 3146 180 3232 el‘t
210 3174 300 3231 cura
327 3148 364 3261 J.
382 3144 427 3229 B.
453 3145 633 3258 Egnati,
649 3170 685 3261 'e
715 3172 793 3251 quo
814 3147 971 3229 alterurn
1003 3166 1150 3254 praeter

127 3258 392 3347 Herodianum
421 3256 470 3339 ab
498 3259 655 3369 Angelo
682 3256 872 3343 Politiano
896 3256 1033 3343 Latine
1068 3283 1151 3341 ver·

127 3374 227 3474 sum,
254 3376 352 3457 Aur.
378 3366 546 3452 Violoris
574 3370 763 3477 Excerpta
791 3370 967 3480 Eutropii
996 3368 1153 3475 decem,

127 3488 167 3570 P.
179 3484 348 3571 Diacoui
374 3478 467 3567 odio
486 3480 600 3566 libros
629 3482 886 3589 complectens
915 3503 1048 3569 natum
1077 3482 1153 3591 est,

125 3598 176 3685 ita
210 3618 254 3683 nt
282 3594 380 3680 nihil
406 3592 456 3677 ab
476 3594 624 3679 alterius
653 3592 818 3679 leilione
848 3593 1021 3699 recedat,
1051 3623 1155 3683 eam.

122 3710 287 3819 dentque
319 3706 481 3819 Egnatii
512 3705 786 3815 praefationem
822 3704 1039 3817 praeferat,
1066 3710 1155 3795 Flo-

124 3826 265 3911 tentiae
296 3817 404 3931 apud
426 3822 567 3933 Juntas
595 3820 773 3927 fsqueote
797 3847 905 3907 anno
932 3848 1024 3908 cura
1053 3822 1154 3912 Ant.

121 3938 252 4031 Fraus
272 3924 528 4026 Varclrienlis
553 3930 767 4047 inpulsum,
824 3932 1007 4051 Tertium
1036 3961 1156 4131 vero(i

907 4109 911 4115 -
1049 4072 1126 4158 quo
