2875 4650
274 219 393 292 xxiv
504 191 1075 280 PRAEFATIO.

185 363 193 374 '
275 391 392 478 quem
419 358 504 471 post
533 363 843 468 Harertampum
873 383 1029 468 quoque
1051 361 1233 466 contuli,
1262 381 1308 447 ut

274 481 343 566 suo
368 482 455 561 loco
480 476 623 558 monui.
689 477 733 554 ln
765 472 843 554 line
868 471 959 556 haec
987 476 1141 558 inveni:
1167 533 1199 574 ‚,
1228 477 1308 558 Ex.

278 647 310 698 „
337 591 443 700 plicit
459 589 552 672 liber
570 585 659 670 Rufi
673 581 768 671 festi
789 586 875 669 Viri
894 587 1099 669 consularis
1115 586 1309 672 deGestit

278 763 310 812 „
339 703 606 787 Romanorum
635 697 802 782 feliciter.
861 699 1000 803 incipit
1026 698 1236 783 Troiianis
1255 701 1310 784 de

277 877 308 924 ,‚
337 834 446 900 mutu
481 812 576 1010 ium
616 813 784 895 Caesario
819 809 987 922 Augusti
1021 811 1244 919 incipiendo
1285 842 1311 898 a

278 987 310 1040 ‚,
337 928 479 1034 triump
507 927 560 1026 ia,
582 949 678 1033 quoa
698 923 830 1007 habuit
846 925 888 1006 iu
906 923 1030 1007 ruditu
1046 951 1096 1007 ex
1109 926 1308 1032 Hispania.

279 1101 310 1150 „
337 1039 613 1126 Chronicarum
645 1038 823 1142 Imperat.
848 1039 967 1120 Rom.
995 1037 1090 1120 liber
1118 1064 1225 1122 nuuc
1251 1041 1311 1124 se·

391 1153 399 1166 .
562 1152 570 1162 .
784 1151 792 1162 .
840 1149 848 1162 .
957 1152 964 1161 .
1162 1153 1169 1164 .
1285 1152 1310 1192 „

275 1211 326 1353 ll
337 1147 1234 1371 llezlll‘eltl‘ltlsllltrllli‘
1219 1179 1311 1350 1⁰50.

278 1377 408 1464 lemos
431 1377 578 1482 Jum'as
595 1379 712 1459 Anno
729 1376 877 1458 notulis
898 1377 1054 1458 Domini
1077 1379 1192 1482 1464.
1254 1379 1309 1460 Et

277 1489 316 1576 hi
338 1489 422 1572 sunt
439 1485 602 1572 Codices
621 1485 736 1570 Mss.
762 1485 897 1592 quibus
913 1511 937 1568 e
956 1486 1053 1570 Bibl.
1075 1487 1308 1596 LugdBat.

278 1603 440 1688 sensum
465 1599 587 1684 scribit
616 1599 935 1704 Havtrcompus,
973 1625 1063 1682 nam
1092 1601 1193 1686 Cod.
1213 1601 1309 1686 MS.

278 1713 530 1798 Chartaceum
560 1711 601 1793 in
632 1731 689 1816 40.
728 1737 841 1818 quem
877 1729 1027 1820 praeter
1064 1710 1134 1794 hos
1164 1712 1306 1796 eadem

276 1825 375 1912 Bibl.
399 1826 582 1927 reservat,
597 1849 679 1905 non
699 1819 863 1935 dignum
884 1821 979 1925 else,
1005 1833 1109 1926 cujus
1123 1829 1221 1910 ratio
1240 1825 1307 1908 lia·
1402 1860 1404 1941 χ

278 1938 434 2041 beatur,
464 1937 566 2022 unde
584 1935 684 2020 hunc
701 1933 875 2020 conferre
898 1935 1117 2042 supersedit:
1147 1943 1206 2022 Α(
1224 1942 1307 2021 lau·
1404 1962 1406 2031 l

278 2051 346 2138 dat
365 2054 525 2136 alterum
546 2050 655 2132 serius
683 2076 706 2130 a
734 2047 769 2130 se
796 2049 996 2132 inventum
1020 2047 1059 2131 in
1084 2052 1308 2135 membrana

277 2167 478 2274 scriptum,
506 2182 676 2268 quartam
702 2165 855 2268 quoque
882 2160 1044 2244 sormam
1073 2161 1306 2263 habentem,

278 2285 385 2381 cuiun
404 2275 445 2360 in
467 2275 560 2359 locis
579 2270 704 2358 dubiis
729 2275 887 2359 consulti
916 2271 1102 2381 quaedam
1121 2295 1306 2385 excerpta

279 2388 434 2495 adjecit:
463 2386 613 2492 Quibus
636 2410 717 2473 non
746 2406 952 2471 contentus
978 2408 1178 2495 utrumque
1198 2389 1304 2473 Cod.

279 2500 329 2587 ab
359 2528 437 2585 ovo
468 2498 516 2583 ad
547 2503 685 2585 calcem
718 2495 894 2583 conferre
928 2526 1054 2583 meum
1078 2500 1150 2584 else
1177 2498 1304 2603 diras,

280 2612 343 2699 sed
363 2615 426 2697 vix
448 2610 489 2697 in
509 2610 712 2701 secundum
732 2609 888 2695 Librum
909 2612 1096 2721 processi,
1117 2614 1208 2720 quin
1230 2615 1306 2698 ob-

282 2724 513 2833 stupuerim,
540 2745 685 2811 tantam
715 2723 893 2807 iterumn
926 2725 977 2807 V.
1002 2728 1064 2809 Cl.
1095 2716 1329 2826 incuriam,⁴

282 2836 325 2921 δι
344 2840 513 2948 supinam
543 2836 816 2949 negligentiam
839 2835 1095 2942 commissam,
1123 2858 1167 2923 ut
1183 2840 1308 2924 oculis

281 2951 375 3035 meis
397 2948 547 3035 credere
574 2975 656 3033 non
679 2949 892 3057 potuerim,
917 2947 961 3031 do
988 2950 1130 3059 saepius
1158 2973 1308 3036 utrum·

221 3162 227 3181 .
283 3088 358 3173 que
373 3062 604 3161 evolverim,
625 3064 783 3146 alterum
801 3087 872 3171 pro
888 3064 1009 3145 altero
1028 3091 1050 3145 a
1072 3062 1124 3146 V.
1146 3064 1204 3148 Cl.
1224 3067 1308 3149 lau·

283 3178 416 3260 datum
443 3196 561 3260 ratus:
591 3175 694 3281 Quia
713 3198 805 3258 vero
823 3175 907 3260 illos
934 3178 1019 3259 satia
1037 3172 1234 3287 distinguit
1263 3178 1307 3259 in
1398 3202 1408 3209 ·

283 3288 413 3375 charta
434 3289 633 3397 scriptum,
662 3312 774 3395 quem
793 3283 1014 3388 contemsit,
1045 3288 1084 3371 in
1116 3288 1305 3374 membra-

284 3428 359 3497 na,
386 3425 498 3511 quem
526 3400 723 3503 laudavit,
761 3402 869 3484 nullo
896 3400 1016 3487 modo
1040 3401 1206 3485 excusari
1233 3428 1309 3505 po·

106 3538 109 3549 ·
284 3512 363 3599 test.
424 3512 542 3599 Hunc
571 3516 673 3595 enim
704 3512 1039 3597 Membranaceum
1070 3514 1310 3622 lfidoriJu·

285 3629 405 3711 oloris
434 3624 664 3737 Hisbolmsts
691 3622 864 3737 ¹Episcopi
896 3626 941 3710 do
967 3626 1225 3737 Proprietate
1243 3652 1310 3710 re-

285 3762 375 3825 rum
409 3738 598 3840 Librum,
626 3737 687 3821 cui
718 3733 868 3823 additur
894 3740 987 3821 liber
1008 3740 1140 3852 Imago
1162 3738 1309 3823 Mundi

285 3849 516 3965 inscriptus,
556 3850 726 4031 Libellos
768 3851 813 3939 de
850 3848 1105 3940 Mirabilibus
1135 3852 1316 4081 Rom
