2875 4650
264 281 357 410 πῖ
483 279 1188 372 eneconem.

309 478 1058 602 perlumincepiffetrodatA.ucxv11.
1085 507 1161 596 quo
1185 509 1208 570 e
1232 483 1366 592 Nostri

306 595 455 684 'calculo
492 593 788 680 Valentinianus
815 595 850 678 I.
889 593 946 696 θ
978 596 1120 682 Valens
1164 601 1362 704 imperare

306 707 526 816 coeperunt.
584 707 717 818 Neque
736 705 823 792 huic
840 705 1005 790 libellum
1024 703 1292 816 confiecratum
1319 741 1359 796 a·

307 833 423 933 perte
450 817 553 905 docet
579 816 771 928 clausula,
799 837 840 902 ut
872 815 921 901 ad
950 817 1047 904 hanc
1079 821 1291 932 ingentem
1316 820 1358 908 de

308 928 479 1034 Gothic,
506 932 619 1016 etiam
641 928 905 1042 Babylonicae
927 929 994 1014 tibi
1017 933 1144 1039 palma
1166 935 1282 1044 pacis
1303 963 1354 1020 ac·

308 1042 430 1130 cedat
489 1041 607 1129 Nihil
630 1049 727 1128 enim
757 1041 812 1128 ad
842 1043 1184 1150 Valentinianum,
1223 1052 1355 1160 quiin

308 1155 532 1257 Occidente,
551 1153 626 1263 sed
636 1155 855 1254 Valentem,
883 1160 1007 1267 quiin
1026 1158 1193 1244 Oriente
1217 1187 1352 1270 regru-

309 1271 414 1371 bat,
454 1273 625 1378 pertinet
653 1267 724 1354 illa
751 1263 955 1354 villerias
994 1269 1226 1383 Bellumque
1266 1271 1354 1356 illul

311 1383 514 1468 Gothicum
535 1385 671 1490 incepit
687 1405 787 1466 anno
811 1375 970 1492 Imperii
990 1385 1135 1482 tertio,
1165 1383 1351 1472 durauit-

303 1497 631 1610 quomunculam,
653 1509 697 1576 nt
708 1489 824 1600 sexto
840 1517 941 1578 anno
955 1507 1038 1602 pax
1047 1490 1171 1600 salla
1189 1495 1267 1602 fit,
1285 1521 1350 1608 quo

305 1601 910 1827 uoluentium?
936 1601 1350 1826 elipeum

307 1826 526 1940 aclsentior,
555 1844 602 1913 ut
630 1843 770 1914 contra
800 1829 897 1912 Vale
911 1855 986 1912 tum
1003 1828 1060 1913 ad
1076 1829 1346 1918 Theodoretun

299 1943 531 2046 contendit,
573 1942 770 2028 Valentem
809 1939 947 2026 Gothis
981 1941 1264 2030 rebellantibus
1297 1943 1345 2048 &l

305 2052 515 2144 torneiam
549 2052 636 2138 dein
668 2049 910 2159 uastantibus
938 2053 1209 2141 Valentiniani
1252 2074 1344 2166 open

301 2165 540 2285 implorasti,
567 2163 664 2250 unde
683 2170 742 2267 ei,
767 2170 834 2278 qui
854 2169 977 2250 onnia
999 2180 1074 2275 pro
1098 2167 1283 2255 arbitrio
1314 2197 1344 2254 e·
1418 2215 1419 2304 p

301 2277 417 2394 gille,
444 2283 505 2364 ita
527 2285 573 2363 ut
602 2278 743 2364 Valens
769 2276 877 2391 quafi
900 2281 1111 2389 apparitor
1137 2284 1177 2367 ei
1209 2307 1344 2367 nemen

300 2390 485 2505 gcffifftt,
512 2390 626 2477 eidem
651 2394 776 2501 Pugio
798 2390 966 2491 dicitur,
995 2405 1197 2503 tamquam
1219 2392 1343 2481 Vello-

302 2510 347 2590 ri
364 2504 461 2587 hunc
477 2504 641 2587 libellum
659 2500 877 2612 inlcripstffe
886 2500 1000 2611 forte
1017 2505 1089 2589 alii
1114 2509 1342 2617 conjiciunt,

301 2641 394 2701 nam
425 2638 509 2701 eam
525 2613 637 2724 suillo
659 2631 866 2723 negatam,
894 2614 1062 2703 tradunt
1078 2614 1342 2729 Theophanes,
1415 2718 1416 2721 w

303 2726 639 2830 Theodoreus&
664 2722 879 2824 Cedrenus,
906 2750 1135 2839 quamquam
1162 2748 1257 2818 tota
1287 2755 1343 2818 ret

301 2837 594 2929 Deliisrnerito
605 2833 791 2950 suspolia.
844 2834 977 2943 Postea
997 2861 1117 2941 uero,
1145 2865 1230 2927 cum
1246 2870 1341 2953 gen
1414 2920 1415 2923 γ

301 2960 433 3041 uiores
452 2952 812 3061 incurfionesfecere
827 2948 936 3034 iidem
957 2948 1099 3052 Gothi,
1120 2977 1243 3039 none
1264 2958 1339 3041 Va·
1414 2927 1415 3001 l

300 3062 689 3173 lentinianofratre,
716 3060 804 3147 riam
825 3059 884 3147 hio
901 3064 988 3171 jam
1017 3062 1193 3158 obierat,
1225 3094 1338 3180 neque
1413 3122 1414 3177 p

299 3182 382 3289 ejus
391 3180 476 3286 filio
495 3177 765 3265 Valentiniano
782 3172 839 3261 Il.
868 3179 934 3283 qui
950 3188 1047 3282 puer
1067 3174 1341 3287 quadriennis,
1412 3266 1413 3283 p

289 3290 367 3403 sed
389 3292 518 3377 altero
533 3290 694 3397 fratris
713 3287 799 3394 filio
832 3286 888 3389 ὅθ
904 3280 1108 3397 fiecoeffore
1136 3292 1338 3377 Gratiano
1412 3286 1413 3352 l

298 3404 490 3489 auxilium
512 3407 629 3511 petiit
652 3400 815 3499 Valens,
844 3424 917 3511 quo
944 3424 1015 3483 non
1036 3394 1260 3509 exspoliato
1284 3398 1336 3504 ἐξ
1411 3464 1412 3526 p

297 3509 540 3624 inconsultius
564 3537 647 3597 cnm
679 3509 819 3598 Gothis
837 3506 942 3623 fiilos
965 3509 1176 3621 congreffuc
1203 3520 1334 3626 periit.

298 3628 378 3714 His
406 3650 502 3709 uero
537 3622 593 3727 εξ
627 3624 717 3713 aliis
737 3629 826 3725 meis
844 3623 1039 3715 conatibus
1048 3626 1180 3736 jane,
1199 3630 1336 3741 Aeque
1410 3650 1411 3700 t

297 3733 472 3847 Ledae,
499 3734 556 3845 ἓ
581 3738 679 3825 oole.
