2875 4650
246 263 303 317 tr
350 235 1052 316 PRAEFATIONM..

104 398 166 484 src,
182 396 254 469 vix
270 393 340 484 est,
354 393 423 467 imo
437 413 616 490 nunquam
634 393 722 478 erit,
742 405 780 461 ut
797 389 887 466 haec
901 390 1047 468 studiola
1063 393 1137 468 frus

103 495 187 568 ebus
204 512 345 590 optatos
363 491 489 566 serant.
542 491 611 568 Sed
627 487 879 588 Magistrorum
897 489 1021 580 fuerit,
1046 491 1138 566 nihil

106 593 184 667 illio
203 593 419 689 praelegere,
444 588 542 686 quod
565 611 637 663 non
655 585 693 662 ἃ
710 609 894 676 accurate,
920 585 959 662 δι
976 607 1137 664 amanter

110 692 277 764 tradatur.
302 688 542 762 Adhibendac
556 705 658 762 erunt
671 688 812 762 tabulae
828 689 960 786 aliquot
977 691 1137 784 Geogra·

110 790 216 884 plriae
235 790 392 873 veteris,
415 789 451 861 in
474 788 736 879 primis-autem
754 785 913 873 ltaliae,
940 785 1136 874 Graeciae,

111 887 268 972 Siciliae,
298 881 409 958 Afiae
430 883 601 974 minoris,
624 884 781 958 omnium
804 883 955 980 denique
973 907 1137 975 orarum,
1211 932 1217 938 -

110 1009 192 1080 ques,
213 985 327 1058 Mare
347 986 530 1058 Internum
552 984 674 1072 alluit,
698 982 734 1057 id
757 981 852 1080 quod
874 978 970 1056 facili
992 984 1138 1080 negotio

106 1081 230 1178 perlici
247 1079 377 1177 potest
524 1133 529 1140 -

156 1181 436 1256 Sarubenimum
456 1177 564 1252 fuerit
579 1177 649 1252 hoc
662 1201 821 1274 quoque,
841 1177 942 1268 imo,
969 1198 1008 1254 ut
1023 1179 1141 1254 verius

108 1279 252 1368 dicam,
278 1299 443 1373 perquam
458 1278 564 1375 plane
582 1275 808 1352 necellarium
826 1273 898 1366 est,
927 1293 965 1350 ut
985 1275 1084 1372 pueri
1101 1275 1140 1352 δι

111 1379 188 1451 dies
201 1374 240 1449 ἅ
255 1374 377 1450 nobles
393 1376 432 1450 in
448 1375 568 1448 animo
584 1373 737 1450 habeant
753 1373 862 1450 Urbis
878 1377 1061 1451 Romanae
1078 1375 1142 1450 de-

113 1475 340 1550 lineationem
350 1475 482 1571 ,qualis
494 1473 669 1567 irLigorio
680 1474 778 1554 edita
791 1469 852 1548 est.
880 1473 916 1550 si
930 1473 1013 1570 quid
1028 1475 1144 1550 aliun·

118 1576 160 1647 de
177 1573 395 1667 petendum,
421 1572 481 1644 vel
501 1569 545 1642 ad
563 1592 678 1644 rerum
699 1571 993 1666 explicationem,
1018 1576 1076 1648 vel
1095 1573 1141 1650 ad

119 1671 343 1767 quorumdam
368 1671 526 1743 locorum
543 1671 851 1754 emendationem,
878 1667 985 1767 (nam
1002 1674 1063 1748 vix
1088 1676 1140 1748 ul·

122 1771 186 1842 lum
201 1767 408 1843 historicum
425 1766 594 1862 reperias,
618 1769 680 1862 qui
702 1787 773 1842 non
797 1768 924 1842 alicubi
944 1770 1140 1870 erraverit)

122 1868 156 1940 id
176 1889 217 1940 ex
238 1865 399 1952 Rufino,
425 1867 611 1951 Manutio,
636 1867 804 1962 sigonio,
830 1863 869 1938 &
892 1862 992 1954 aliis,
1017 1867 1142 1964 colligi

122 1969 267 2061 poterit,
294 1965 404 2038 Addo
422 1962 460 2038 or
475 1965 545 2038 hoc
564 1965 692 2051 etiam,
718 1959 866 2059 quodi&
883 1983 993 2054 nuper
1007 1964 1042 2040 in
1058 1965 1142 2041 Ma·

124 2085 238 2136 ηοω
255 2063 396 2136 Gallice
417 2063 544 2156 scripta
559 2063 769 2152 monebam,
795 2062 927 2140 crebris
947 2061 1077 2144 interro
1103 2085 1141 2142 a·

122 2165 271 2236 tionibus
290 2162 387 2236 circa
404 2179 601 2258 temporum
624 2159 828 2248 intervalla,
853 2160 1050 2252 montium,
1075 2085 1143 2237 bu·

121 2260 277 2346 riorum,
303 2261 471 2351 urbium,
494 2259 784 2357 provinciarum,
806 2253 1001 2333 officiorum
1024 2259 1143 2359 digni-

120 2378 300 2453 tatumque
325 2358 472 2433 nomina
496 2351 741 2433 exercitandos
767 2352 836 2432 ell'e
858 2376 997 2457 pucros.
1050 2361 1142 2435 Puer

118 2460 208 2530 enim
225 2460 338 2530 multa
352 2458 440 2532 scire
455 2454 614 2547 videtur,
630 2454 714 2529 dum
728 2454 834 2553 legit,
859 2478 949 2553 quae
962 2456 1075 2535 nescit
1089 2476 1144 2541 ra-

115 2575 209 2633 ΜΠ·
1082 2606 1087 2615 ·
1126 2606 1133 2635 r

212 2657 304 2729 Nam
319 2654 430 2743 nider,
455 2666 515 2728 aur
527 2652 641 2753 olrlrffi
650 2666 749 2753 putor
759 2666 819 2751 prr
835 2656 947 2729 nubilo
961 2640 1112 2749 Lunurrir
1134 2672 1142 2683 '

164 2752 301 2850 Neque
323 2753 359 2826 id
384 2755 491 2826 modo
514 2754 549 2827 in
571 2756 688 2851 pueris
711 2775 836 2828 verum
858 2752 929 2843 est3
954 2754 1013 2828 sed
1038 2759 1073 2831 in
1100 2758 1145 2830 iis

119 2850 223 2923 etiam
246 2852 308 2948 qui
328 2866 410 2923 natu
427 2850 627 2948 grandlorer
651 2851 738 2926 sunt.
788 2852 954 2949 Hiocque
977 2854 1067 2930 adeo
1089 2855 1142 2930 sa·

119 2950 234 3038 llum,
258 2970 299 3023 ut
313 2948 474 3025 socrates
489 2970 560 3023 non
576 2951 677 3025 aliter
692 2970 774 3035 eum
794 2948 991 3047 discipulis,
1016 2950 1091 3035 sive
1108 2978 1144 3028 a·

120 3047 241 3137 micis,
266 3064 403 3146 ageret.
454 3046 561 3147 Quod
579 3046 618 3124 ἃ
633 3048 758 3124 Paulus
775 3048 932 3139 Servitc,
956 3050 1013 3127 vir
1029 3068 1144 3128 aeter·
1178 3100 1185 3107 -

120 3167 162 3219 oa
182 3166 344 3220 memora
365 3144 604 3244 digoiffimue,
629 3148 680 3225 ita
701 3145 978 3240 animadvertit,
1003 3166 1042 3223 ut
1065 3174 1145 3225 eam

123 3242 276 3319 docendi
290 3244 486 3333 rationem,
508 3266 598 3340 quae
617 3244 726 3321 bodie
743 3244 862 3341 pallim
882 3268 946 3345 per
964 3248 1146 3345 Europam

125 3344 285 3432 obtinet,
308 3340 402 3438 quali
425 3344 601 3442 ineptam,
625 3340 666 3418 br
685 3343 890 3435 ridiculam,
914 3346 1146 3443 improbaret.

124 3439 230 3515 Dices
244 3462 381 3537 paucos
394 3440 541 3537 reperiri
553 3439 651 3539 polle
665 3440 856 3539 Magistros
863 3446 945 3541 ,qui
962 3444 1032 3519 lroc
1046 3446 1147 3539 prae·

127 3536 230 3629 ibent,
253 3557 382 3613 contra
401 3540 495 3615 enim
510 3539 546 3613 sa
628 3538 729 3629 lieri,
753 3558 811 3633 ut,
835 3562 921 3638 quos
942 3544 1008 3619 tibi
1024 3546 1146 3643 Magi·

130 3634 205 3713 struo
217 3639 423 3735 paraveris,
448 3638 493 3713 iia
514 3641 552 3733 ip
565 3662 595 3711 rs
611 3635 785 3735 Magistro
799 3660 889 3734 opus
912 3638 973 3729 lit3
996 3642 1147 3737 Fateor,

133 3732 300 3812 &rernm
322 3734 398 3827 est,
423 3732 541 3808 sed&
557 3734 626 3811 hoc
643 3734 716 3831 ipse
737 3734 923 3830 fateberir,
946 3738 975 3814 .ss
994 3740 1082 3837 quid·
1098 3748 1148 3817 lu.-
1218 3812 1220 3819 ,

132 3832 538 3924 ρίεε,ίιιὶυεοίῖεωυ1ιο
553 3832 943 3931 condidicilleliterae,
968 3851 1148 3943 quamea'r

133 3934 208 4009 orale
221 3932 394 4019 didicisse.
506 4002 509 4008 .
1131 3944 1138 3958 '

1051 3994 1149 4113 ''u‘e
1214 4108 1219 4113 ,
