2875 4650
519 298 634 362 nr
727 257 2012 364 PRAEFA‘rroNEs}

231 433 480 545 Liing
507 449 807 522 Batavae
837 448 1207 521 inv'entum
1238 454 1590 542 quoque’a'
1620 470 1736 521 me
1773 433 1974 523 fuiss‘e
2004 452 2294 529 Brevia·

232 546 469 634 rium,
520 549 633 620 seu
659 566 731 616 ut
758 549 901 639 ipse
933 546 1222 619 videtur
1253 542 1560 619 maluiss'e
1590 548 1982 642 appellare,
2019 553 2292 645 Breve,

242 646 450 717 Sexti
466 643 663 732 Rufi,
688 665 827 739 quo
858 643 1154 740 quidem
1184 642 1445 738 duplici
1475 646 1761 720 nomine
1788 644 2067 743 gavisus
2093 649 2238 724 sum
2257 701 2288 742 ‚

244 745 514 836 primo,
557 744 745 836 quod
787 741 1115 817 viderem
1158 742 1618 836 praeteritum
1660 741 1794 816 effe
1835 745 1906 818 in
1943 741 2286 844 Cataiogo

246 842 445 913 MSS.
485 841 704 927 dein,
754 840 944 934 quod
989 861 1281 935 propter
1326 836 1841 914 fimilitudinem
1883 847 2286 939 argumenti

246 937 528 1011 eundem
590 935 984 1011 Aufi'torem
1049 936 1287 1011 nostro
1346 938 1736 1034 adjungere
1796 940 2278 1018 decreveram.

237 1029 476 1108 Varias
504 1058 600 1110 ex
637 1037 805 1108 MS.
839 1037 963 1108 illo
994 1035 1408 1124 Leffiones,
1456 1035 1584 1108 nifi
1622 1035 1905 1132 majoris
1936 1042 2282 1118 momenti

227 1134 634 1206 viderentur
649 1188 672 1222 ,
694 1133 1106 1209 Cellarianis
1134 1134 1425 1224 inserui,
1446 1132 1808 1230 ipsumque
1835 1139 2124 1212 Sextum
2160 1139 2282 1237 seu

226 1229 497 1304 Festum
534 1254 628 1306 ex
666 1231 926 1304 ultima
955 1231 1237 1304 Cellarii
1274 1228 1590 1305 editione
1629 1233 1943 1307 exhibui.
2053 1238 2283 1314 Hear-

222 1327 376 1401 nius
401 1350 719 1426 quoque,
775 1346 1056 1426 praeter
1083 1328 1538 1422 Eutropium,
1583 1329 2052 1426 obsequentis
2079 1329 2284 1409 libe)-

220 1410 363 1500 lu⁸m
411 1430 499 1502 de
532 1427 899 1524 Prodigiis
924 1479 948 1514 ‚
996 1424 1361 1499 Messalam
1404 1427 1494 1500 de
1534 1428 1886 1528 Progenie
1921 1431 2221 1529 Augusti
2250 1485 2283 1525 ,

220 1522 298 1597 ἀ
329 1525 660 1600 Graeculi
687 1524 1061 1621 cujusdam
1094 1525 1506 1598 Orationem
1535 1527 1608 1598 in
1637 1527 1909 1600 obitum
1943 1531 2275 1605 Constan-

218 1623 347 1696 tini
379 1625 697 1720 Junioris
728 1625 1170 1720 adjunxerat.
1237 1621 1652 1699 Posteriores
1682 1627 1854 1703 duos
1903 1623 2276 1724 (quamvis

214 1721 511 1794 Meffala
531 1775 560 1814 ,
610 1741 691 1794 ut
731 1721 1209 1816 suppofititius
1240 1723 1566 1797 omnibus
1601 1741 1809 1796 notus
1845 1721 1975 1823 fit)
2024 1728 2277 1804 itidem

214 1817 502 1905 addidi,
551 1842 649 1894 ne
685 1819 852 1916 quid
900 1818 1170 1893 scilicet
1220 1817 1456 1892 deesse
1511 1819 1758 1914 aliquis
1812 1842 2274 1915 quereretur,

218 1934 395 1986 nam
409 1915 935 2012 Obsequentem
964 1913 1126 2012 post
1155 1914 1590 1993 noviffimam
1610 1917 1852 1993 Amici
1878 1919 2271 1997 editione-

218 2014 602 2088 recensere
630 2037 800 2113 opus
826 2037 968 2090 non
1000 2031 1197 2107 erat,
1240 2012 1383 2089 ἃς.

1249 4068 1487 4124 *oe*
1968 4116 1972 4120 .
2064 4057 2276 4139 ΤΕ.
