2875 4650
452 253 1162 348 fumofumo·

285 455 406 548 lanii
423 454 554 570 aufem
574 456 762 569 praebent
780 455 981 570 sagaciore·
1006 462 1182 570 ingenio.-
1211 471 1344 574 neque

286 573 376 660 ullis
391 571 447 656 ad
471 573 553 656 loca
581 572 647 654 vel
671 571 895 684 deprauata
924 573 990 657 uel
1004 570 1185 686 sospello
1212 579 1342 660 imnu-

285 683 411 778 tamlu
427 680 684 794 abufitssum,
710 686 783 792 nisi
799 686 864 769 ubi
882 687 1007 796 major
1025 685 1339 775 aulloritasac·

286 797 465 899 coleret,
492 793 549 899 &
577 821 739 909 quorum
766 797 937 910 quadam
957 799 1118 908 uestigia
1143 799 1234 911 ipsa
1246 801 1341 914 ser.

286 925 412 996 uarat
439 907 612 995 aullor:
648 909 950 1020 quemadmodum
976 911 1093 996 libelli
1121 940 1340 1022 argumen-

288 1040 394 1125 tum,
424 1021 526 1136 quod
538 1036 615 1132 pro
635 1021 760 1106 lubitu
779 1019 975 1131 offingendi
988 1025 1055 1134 jus
1067 1023 1143 1135 fibi
1155 1027 1338 1112 vindica·

289 1151 413 1236 runt,
440 1149 625 1248 quotquot
654 1131 753 1240 Falli
775 1135 985 1244 opusculum
1007 1161 1121 1220 manu
1144 1140 1217 1222 vel
1234 1145 1337 1249 typis

291 1263 520 1335 exararunt
540 1309 561 1352 ,.
581 1241 656 1356 sod
687 1247 863 1351 plenius,
900 1274 1014 1357 quam
1041 1253 1226 1334 conclama
1255 1255 1336 1364 eJ'ut

292 1363 472 1448 brevitas
484 1356 604 1466 sert,
632 1385 655 1442 e
675 1359 889 1444 Goltzianu
909 1357 1063 1446 lolliano
1082 1360 1254 1472 reposui.

351 1472 449 1579 Jam
469 1495 564 1555 uero
584 1467 681 1575 Rufi
696 1475 868 1572 meritis,
896 1472 941 1556 lo
958 1473 1091 1583 quibos
1109 1479 1150 1556 in
1165 1477 1335 1584 praesa·

293 1583 458 1673 tionibus
489 1579 664 1689 dilleruit
685 1583 900 1684 cellarios,
927 1583 1026 1667 nobil
1054 1583 1200 1688 habeo,
1234 1589 1335 1700 quod

293 1696 458 1796 addam,
475 1693 582 1804 satis
601 1723 629 1780 a
646 1697 738 1778 uiro
757 1693 1019 1806 Eruditiffimo
1038 1697 1244 1784 laudatis.-
1267 1699 1335 1804 etp
1416 1731 1417 1824 p

294 1813 341 1894 at
362 1809 438 1919 ipl'o
446 1809 660 1917 peroptare,
690 1808 843 1918 ejusque
862 1813 1003 1893 nomine
1031 1833 1078 1892 ac
1096 1814 1191 1894 uita
1209 1809 1332 1924 dispo·

294 1921 409 2010 tanai
429 1925 609 2030 gratiam
626 1915 799 2025 fecillent
827 1915 975 2020 Delli,
1013 1947 1129 2032 quam
1160 1925 1331 2009 uellem:

283 2037 411 2144 ,Quae
435 2037 532 2118 onim
549 2048 639 2116 uoto
646 2027 843 2139 jutissacit
857 2029 992 2144 [corson
1024 2033 1073 2116 D.
1086 2031 1140 2115 G.
1164 2036 1331 2121 Molleri

295 2143 554 2252 Dillortatim
580 2143 625 2226 le
655 2146 775 2226 Sexto
802 2143 950 2250 Roso‘a
974 2143 1028 2228 Cl.
1053 2143 1241 2232 Fabricio
1260 2176 1331 2236 me·

296 2273 456 2345 moratu
471 2281 498 2343 a
516 2281 571 2339 me
590 2257 762 2339 inueniri
779 2283 851 2339 nan
878 2259 1026 2367 potuit,
1056 2271 1102 2341 ut
1125 2257 1248 2347 doleia
1266 2265 1333 2347 mi·

297 2370 341 2460 bi
367 2368 423 2471 ἐφ’)
447 2374 598 2453 incerta
624 2367 870 2470 ntidoantor,
908 2394 1157 2483 quaecumque
1186 2377 1230 2458 in
1262 2402 1334 2459 me·

296 2482 401 2568 llum
424 2480 584 2589 prolata
599 2477 714 2586 stote
753 2482 866 2590 Quae
892 2498 1021 2567 tamon
1051 2482 1110 2567 bio
1135 2502 1333 2597 propono,
1415 2560 1416 2587 p

296 2610 346 2679 ut
365 2616 466 2676 uera
482 2590 639 2678 croculi
655 2595 869 2701 occasionem
886 2595 974 2679 aliis
996 2594 1147 2679 darent.
1198 2600 1334 2815 Nessa
1415 2656 1416 2671 a

297 2709 396 2797 onim
415 2706 520 2791 inter
538 2699 679 2789 Dollos
695 2709 893 2806 conuenit,
918 2706 1018 2818 qood
1034 2733 1163 2793 nomen
1187 2712 1255 2795 No
1313 2736 1332 2795 o

289 2820 449 2931 suerit,
467 2842 574 2929 quem
592 2818 776 2901 ssxoon
795 2818 949 2903 Rususs
968 2836 1110 2903 uocant
1128 2820 1332 2932 Cuspinia·

297 2958 392 3031 nus,
427 2934 608 3028 Camers,
647 2930 852 3033 Goltzius,
881 2931 928 3037 J.
954 2932 1151 3043 Scaliger,
1179 2933 1238 3043 lfi
1257 2940 1333 3023 Ca·

290 3044 483 3159 saulonus
512 3040 568 3145 θ’
597 3042 670 3127 Et.
696 3040 949 3152 Spanbemios.
978 3042 1150 3129 Fos'suss
1171 3046 1332 3133 Rusone

303 3160 621 3252 Volaterranos,
665 3153 735 3239 To.
766 3155 954 3265 Valoefios
982 3158 1160 3267 Anglus,
1188 3159 1247 3263 5?
1276 3164 1331 3246 H.

295 3268 501 3377 'Valeſsus‚
535 3266 882 3375 comprobantibus,
917 3292 1007 3379 quos
1024 3270 1079 3355 al
1100 3274 1242 3374 Aurol.
1264 3276 1334 3358 Va·

300 3375 443 3465 lloram
470 3379 608 3464 laudat
640 3379 849 3480 Soboteus,
892 3378 1032 3466 duobus
1061 3381 1174 3466 Codd.
1206 3386 1330 3471 MSS.

300 3486 573 3603 antianiffimis.
603 3490 758 3577 Rusuu
776 3492 946 3577 Festum
969 3494 1078 3579 Codd.
1103 3494 1333 3603 Pithoni&

175 3624 179 3633 ’
302 3606 530 3705 Nonnii‚ao
551 3603 751 3705 Leidenfis.
770 3603 941 3691 Fuscum
962 3606 1332 3700 Rososaavanun

301 3718 454 3803 mauolt
483 3732 611 3800 tamen
646 3717 820 3803 Pithoeus
827 3716 1067 3828 fitjpicatos,
1095 3746 1196 3832 quae
1211 3728 1333 3809 etiam
1414 3764 1415 3771 Ν

299 3830 345 3937 J.
373 3835 423 3915 G.
455 3828 569 3945 Voffii
593 3830 638 3915 te
656 3828 756 3937 Hisl.
793 3832 887 3915 Lat.
910 3834 1030 3941 opinio
1045 3830 1118 3941 cst,
1148 3834 1334 3940 Nostrum

299 3940 359 4057 &⁹
386 3946 583 4049 Animum
603 4004 619 4051 ,
654 3948 759 4053 cujus
789 3946 912 4033 varia
932 3943 1087 4054 collant
1098 3952 1297 4059 poematia
1317 4008 1332 4052 ‚
