2875 4650
505 269 1143 378 dunrcntioutu

305 431 429 524 rimmo
448 441 622 530 Nomini,
636 440 796 516 eoculru
808 439 848 517 dt
863 443 975 518 animi
990 445 1230 538 submissone,
1246 458 1351 546 quae

303 543 419 621 infimi
440 541 578 639 generis
599 539 783 615 bominem
799 539 949 632 decent,
973 542 1128 620 dicarem
1148 567 1254 642 atque
1274 548 1339 622 ad·

302 644 503 719 scriberem.
553 637 657 712 Nihil
683 640 871 736 quidquam
896 657 977 716 meo
1002 642 1139 740 judicio
1154 646 1335 731 tribuam,

303 742 398 840 quod
427 737 530 831 scio,
559 759 662 834 quam
683 761 807 834 parum
834 736 876 810 fit
904 739 1152 816 confirmatum
1165 764 1182 814 :1
1207 741 1339 818 Illustri

302 839 395 918 Viro
417 837 560 912 censore
589 833 673 932 (qui
698 839 736 910 in
763 834 1124 934 PrtenriffimiPotrui
1146 839 1339 916 Eledlomli

302 938 397 1030 Aula
419 935 611 1036 Cousrliarii
634 936 755 1010 Intimi
780 937 913 1008 honore
939 933 1082 1032 sulget3·
1101 938 1240 1034 paribua
1266 962 1336 1028 ue,

303 1037 412 1110 etiam
448 1032 653 1110 Cancellarii
678 1032 804 1106 ofliciis
834 1055 939 1130 atque
968 1033 1093 1125 curis,
1127 1036 1242 1129 Serrai
1282 1061 1336 1110 mo

301 1137 465 1224 Potenti,
491 1134 632 1206 Domino
650 1157 717 1205 mro
735 1123 1001 1231 Clementrffirnu,
1026 1158 1124 1209 catut
1145 1133 1229 1233 est)
1249 1158 1334 1210 cum

303 1232 504 1331 praecipu-is
520 1229 774 1326 comparandus
797 1229 869 1320 est,
894 1231 1018 1327 quibus
1036 1233 1204 1331 generosa
1230 1235 1268 1308 iu
1293 1258 1331 1308 e·

303 1335 369 1408 nia·
392 1333 440 1405 ad
466 1330 610 1404 civilem
643 1330 865 1424 prudentiam
899 1351 1087 1428 rerumque
1115 1334 1217 1407 usum
1266 1333 1331 1430 ogi

303 1431 521 1525 formarique
544 1425 680 1519 poffint.
714 1427 811 1500 Nam
829 1425 1037 1524 &jucunda
1055 1429 1250 1518 varietate,
1269 1427 1330 1521 dt,

303 1549 343 1604 ut
363 1529 414 1603 ita
427 1527 522 1622 loqui
536 1527 662 1615 liceat,
687 1525 1032 1600 brevimultit'udine
1049 1527 1124 1600 MC
1139 1551 1336 1618 annorum,-

303 1625 343 1702 &
369 1625 462 1722 quod
487 1624 658 1710 excurrit,
685 1621 861 1714 historias,
887 1617 1036 1698 infinitis
1061 1616 1193 1701 cafibua
1216 1647 1331 1700 muta·

213 1815 219 1827 ,
301 1725 530 1820 tionibusque
551 1720 771 1812 foecundas,
793 1720 870 1796 stilo
892 1721 1093 1814 uccintto,
1114 1744 1337 1798 nouantem

301 1824 382 1900 rudi
400 1845 515 1919 neque
537 1822 706 1908 barbaro,
730 1818 808 1908 sed,
830 1845 894 1919 pro
916 1821 1022 1896 seculi
1043 1821 1332 1911 conuitiorum·

302 1921 439 2020 leganti
465 1939 569 2016 atque
591 1937 745 2008 ornato,
779 1918 1038 2018 complectitur.
1084 1920 1159 2010 Et,
1189 1918 1215 1993 st
1240 1922 1336 1995 aliur

302 2017 437 2098 truuus
454 2019 570 2093 omnis
588 2017 741 2106 abesset,
766 2035 884 2092 tamen
901 2019 959 2092 vel
979 2019 1047 2093 hoc
1066 2019 1210 2094 nomine
1229 2041 1330 2093 com·

302 2117 464 2196 mendari
487 2117 677 2210 Eutropius
701 2112 841 2210 posset,
864 2116 960 2214 quod
982 2116 1102 2207 Livii,
1124 2117 1336 2209 Plutarchi,

302 2215 458 2306 Dionis,
485 2213 631 2303 Taciti,
659 2214 849 2304 Suetonii,
874 2213 1080 2312 Spartiani,
1106 2215 1297 2313 Capitolini
1315 2267 1332 2307 ,

301 2313 524 2405 mertdii,
551 2312 699 2410 Vopisci
724 2313 939 2410 aliorumque
964 2330 1194 2389 monumenta
1215 2317 1332 2389 marti·

302 2440 362 2491 ma
385 2412 423 2487 dt
444 2412 606 2505 copiosa,
632 2435 744 2506 parvo
772 2412 894 2486 labore
915 2414 1034 2487 omnia
1060 2416 1097 2487 in
1119 2415 1332 2509 memoriam

289 2530 503 2589 revocaret.
563 2510 617 2583 Eo
641 2510 762 2583 animo
783 2513 877 2585 enim
904 2514 955 2584 ab·
978 2510 1053 2609 ipso
1072 2511 1217 2585 amore
1240 2524 1330 2585 conL

301 2614 429 2709 scripta
449 2610 501 2685 est
522 2610 610 2683 haec
632 2608 832 2697 historiola,
858 2626 898 2682 ut
920 2610 1118 2700 Valentem,
1144 2610 1332 2684 Romano·

301 2736 380 2788 rum
401 2711 598 2807 principem
617 2705 655 2780 dt
671 2707 941 2801 imperatorem,
967 2711 1027 2804 qui
1043 2708 1255 2783 Marcellino
1272 2726 1329 2781 te-

300 2812 372 2900 ste,
397 2810 490 2885 rudis
504 2805 553 2880 ’ἃ
575 2804 764 2903 subagresti
782 2806 927 2899 ingenio
949 2805 1035 2896 suit,
1058 2806 1214 2901 quodam
1231 2804 1330 2902 quali

302 2908 517 3001 compendio
548 2905 592 2979 ad
627 2905 860 2977 maximarum
889 2928 1003 2978 rerum
1032 2902 1216 2982 scientiam
1244 2927 1330 3000 pru·

302 3008 529 3103 dentiumque
559 3002 762 3077 adduceret.
819 3003 925 3097 Cujus
950 3001 1098 3077 instituti
1128 3000 1330 3078 feliciorem

299 3100 496 3186 successum·
510 3101 633 3188 suisle,
658 3106 704 3175 ne
724 3100 903 3190 dubitem,
927 3100 1144 3197 insequentia
1160 3125 1217 3175 me
1235 3120 1330 3174 tem·

302 3226 389 3307 pora
411 3220 578 3290 monent,
604 3199 728 3298 quibus
747 3220 946 3296 quanquam
966 3202 1081 3275 bonae
1102 3199 1228 3275 literae
1248 3198 1329 3275 sere

301 3302 525 3391 exsularent,
557 3322 673 3374 tamen
703 3299 942 3395 Eutropianur
970 3300 1066 3372 labor
1094 3298 1187 3395 apud
1217 3300 1329 3395 pluri=

300 3426 399 3491 moa,
425 3402 532 3474 ctiam
548 3400 679 3473 babaro
695 3395 860 3491 sanguine
879 3415 1090 3492 prognatum
1115 3397 1205 3469 tanti
1223 3394 1328 3472 aesti⁴

299 3520 414 3577 matur
431 3496 504 3587 est,
527 3514 564 3571 ut
586 3497 787 3592 Adrlbergo,
813 3493 986 3569 Defiderii
1011 3494 1328 3589 Langobardorum

300 3600 418 3675 ultimi
441 3598 534 3690 regis
555 3594 650 3683 filia,
673 3595 811 3669 Paulum
827 3590 1038 3688 Warrrefredi
1051 3592 1183 3690 silium,
1208 3594 1328 3669 virum

299 3699 352 3775 sui
374 3698 455 3770 aevi
482 3691 588 3770 facile
606 3691 859 3782 doctissimum,
884 3713 1046 3789 rogaret,
1071 3710 1110 3766 ut
1137 3694 1327 3787 Eutropia-

198 3854 211 3869 .
299 3818 384 3873 nam
406 3790 622 3883 Historiam,
646 3814 750 3889 quam
773 3793 832 3867 illa
853 3791 892 3866 in
909 3790 1044 3864 deliciis
1062 3790 1238 3879 babebat,
1261 3791 1328 3864 ad-

298 3894 493 3969 ditionibus
508 3892 682 3969 nonnullis
704 3888 896 3966 illustratet.
922 3912 1026 3989 quem
1042 3888 1248 3985 lanuttpno
1260 3890 1326 3963 Sa·

296 4016 368 4093 gra
386 3995 543 4087 secutur,
567 3990 667 4088 plura
680 3987 719 4069 dt
731 3984 806 4089 ipse
821 4009 868 4066 ea
881 3984 1026 4066 ditetur
1037 3987 1236 4164 audieritque
1253 3988 1327 4061 col-

1057 4108 1065 4118 ·
1205 4108 1329 4185 rgena,
