2875 4650
263 245 382 322 ml
514 223 548 310 P
584 221 624 310 R
661 219 740 310 AB
775 222 879 309 ΡΑ
907 218 954 310 T
987 223 1006 311 1
1040 221 1094 308 Ο.

262 391 605 599 trininno
622 385 1305 634 {ossnrodnoono'u‘nf

265 617 478 732 rati-sont,
523 617 573 702 Et
591 611 642 702 fic
660 616 820 725 ubique:
848 641 1079 727 quamquam
1097 614 1142 704 do
1158 645 1202 705 rn
1220 647 1303 707 me.

265 731 336 822 din
355 732 546 842 Eutropio
570 730 689 816 muita
708 729 793 814 firnt
813 725 954 818 omiiia.

327 847 440 934 Alter
464 871 557 930 vero
576 842 809 972 Chartaceuo
825 843 1045 961 'chronicon
1068 843 1303 970 Universale

271 961 455 1048 Martini
472 959 591 1046 Poeni
608 957 950 1067 manuscriptum,
976 953 1019 1039 dr
1038 957 1301 1066 dalocum,

270 1091 315 1161 ut
347 1073 480 1158 titulus
507 1065 704 1182 praefert,
736 1085 948 1182 temporum
974 1093 1097 1157 omnes
1121 1077 1300 1186 antiquo·

269 1211 361 1276 rum
374 1190 555 1290 [cronicas
584 1181 904 1291 complectentem
931 1184 1036 1297 typis
1064 1183 1302 1294 inpressum,

94 1380 106 1392 ,
158 1329 162 1339 “
269 1299 465 1408 multaque
483 1296 557 1383 alia
575 1293 636 1382 sed
648 1293 793 1384 diversa
810 1323 929 1383 manu
944 1317 1100 1383 exarata
1111 1300 1300 1406 continet

84 1491 89 1497 .
270 1412 348 1500 Hic
411 1409 536 1496 uidem
573 1411 804 1518 Eutropium
834 1435 918 1496 nou
950 1437 1088 1520 purum
1120 1411 1302 1520 exhibet,

270 1551 363 1612 uam
382 1438 433 1610 dc
451 1523 602 1610 titulus:
631 1579 662 1627 ‚,
692 1523 830 1630 incipit
850 1522 1025 1632 Eutropii
1052 1526 1223 1608 Romani
1243 1526 1301 1609 hi·

270 1695 302 1746 „
329 1635 467 1742 storia,
493 1637 554 1724 cui
583 1635 726 1748 aliquid
746 1635 885 1723 Paulus
903 1632 1184 1748 Aquilegienfio
1204 1640 1302 1722 Dia·

147 1819 152 1828 .
269 1809 301 1860 ,‚
326 1776 450 1838 conus
479 1745 626 1836 addidit
660 1768 818 1862 rogatus
849 1747 899 1834 ab
926 1745 1147 1864 Adelperga
1173 1750 1334 1858 Bene-¹

272 1926 303 1971 „
329 1863 435 1950 venti
465 1861 652 1949 duciss'a.”
716 1861 827 1966 Sed,
873 1861 939 1946 ubi
971 1862 1090 1970 ipsum
1120 1863 1300 1972 Eutropii

270 1996 498 2064 contextum
526 1974 715 2075 exhibet,
751 1973 886 2062 ceteris
914 1969 1219 2085 praeferendus,
1255 1977 1301 2060 dt

249 2095 430 2202 ¹Prr‘nio,
458 2091 524 2197 qui
543 2089 657 2174 nobie
680 2087 841 2193 dicitur,
869 2087 1092 2196 proximus,
1119 2087 1301 2195 quemad-

271 2201 432 2289 modum
453 2201 663 2289 Secundum
680 2195 943 2309 adpeiiaffem‚
971 2197 1000 2286 si
1027 2197 1301 2286 Codd.MSto·

272 2343 357 2403 rum
378 2314 507 2401 ietiem
528 2313 781 2421 inmutassem,
802 2311 908 2425 quod
927 2341 1009 2399 non
1027 2309 1151 2401 feciffe
1166 2313 1298 2427 piget,

272 2425 929 2629 attondimur&
947 2428 1300 2648 fidium?

271 2656 335 2743 san
366 2601 601 2741 confudiifet.
659 2658 791 2765 itaque
818 2653 922 2739 hunc
935 2598 1138 2763 'Quintum
1162 2678 1301 2740 vocare

272 2768 428 2855 co'a'dtus
445 2766 523 2871 fui,
552 2764 717 2854 Codices
738 2798 761 2855 a
780 2766 878 2852 Viro
896 2768 957 2852 Cl.
978 2775 1085 2873 juxta
1106 2756 1300 2851 annorum

272 2882 400 2967 seriem
429 2884 605 2967 conlator
635 2901 768 2984 ratus,
805 2876 911 2992 quod
937 2880 1040 2965 secus
1066 2876 1210 2964 faciunt
1232 2876 1300 2963 de·

275 2990 484 3105 prehendi3
512 3020 603 3079 nam
630 3013 696 3079 aut
724 3018 850 3080 annua
876 3017 960 3077 non
989 2986 1203 3101 inquifivit,
1231 3010 1302 3077 aut

272 3132 407 3194 eorum
428 3108 616 3191 rationem
637 3132 720 3191 non
736 3106 876 3193 habuit
934 3104 1054 3211 Quod
1072 3102 1175 3187 enim
1195 3102 1301 3191 hune

274 3217 461 3307 Codicem
488 3218 749 3305 recentiffimie
778 3217 1012 3328 temporibus
1041 3217 1219 3324 scriptum
1241 3216 1303 3301 di·

273 3333 357 3431 citi,
395 3358 478 3419 non
508 3330 658 3419 inficior
694 3330 915 3418 vetustiores
941 3328 1047 3430 effe,
1092 3328 1154 3415 sod
1190 3328 1302 3437 irujue

140 3508 143 3519 .
274 3442 499 3531 vetustatem
527 3471 610 3532 non
638 3441 823 3555 inquiiiffe
853 3442 991 3527 turum
1022 3442 1081 3528 cl.
1099 3468 1149 3527 eo
1170 3462 1275 3553 patet
1284 3503 1301 3548 ‚

274 3554 380 3668 quod
408 3560 495 3668 quia
525 3558 712 3644 recentior
739 3555 953 3660 rideretur,
979 3580 1069 3640 eum
1096 3556 1300 3662 micuerit,

275 3694 394 3782 quum
413 3692 542 3757 tamen
561 3672 647 3785 post
665 3672 838 3759 Paullum
851 3668 1074 3756 Diaconum
1086 3668 1301 3775 Eutropio,

274 3800 319 3869 ut
346 3784 387 3868 in
414 3784 572 3890 ceteris,
600 3782 799 3890 additum,
827 3782 920 3869 haec
939 3782 1093 3869 inveni:
1122 3840 1152 3885 „
1181 3782 1303 3867 Com·

274 3952 304 4007 „
330 3890 474 4009 positus
495 3894 549 3985 est
573 3896 634 3987 hic
650 3898 744 3987 liber
763 3897 941 3988 Viennae
963 3896 1007 3983 in
1025 3890 1179 3985 Austria
1195 3919 1305 4093 agno

1159 4065 1192 4119 oa
1259 4033 1304 4104 ⁰·.
