2875 4650
300 285 1021 382 PRAEFATIOE

128 497 200 603 Ja.
224 491 447 594 eusanius,
476 491 566 604 Syll.
584 489 706 603 Epist.
727 519 755 578 a
784 489 843 578 Cl.
864 493 1090 579 Bormanon
1110 495 1166 582 ed.

62 711 66 716 Ι
131 611 181 693 Τ.
200 635 236 690 v.
274 609 349 719 Ep.
369 629 546 691 csxvus.
590 605 667 691 Sed
694 619 873 692 neutram
905 609 1081 716 reperire
1103 623 1169 717 pa-

128 724 215 822 tui,
241 715 298 822 ἐρ’
317 747 371 806 an
389 710 615 828 exstarent,
643 731 688 801 ut
709 716 953 818 dubitarem,
988 717 1167 829 posterla.

128 837 190 918 ris
207 831 259 917 ab
283 834 556 940 Havcrcampo
575 828 631 934 &⁹
645 855 703 914 me
727 825 917 937 consultae
927 827 1029 935 fierit
1047 847 1165 940 prae·

118 944 254 1054 factio,
281 971 404 1056 quae,
431 944 586 1056 quadiu
612 946 766 1028 iterata
787 945 974 1050 Eutropii
991 970 1018 1027 a
1039 943 1165 1031 Cella·

14 1087 34 1108 ι·
128 1061 192 1141 rio
213 1057 344 1141 itidem
367 1059 435 1153 A.¹
453 1056 569 1160 1678.
598 1056 786 1164 primum,
821 1058 937 1158 1698.
955 1049 1160 1164 secusdum

125 1170 228 1278 tppis
262 1166 441 1278 descripti
471 1167 632 1252 editione
649 1166 758 1273 pecus
779 1161 967 1273 fielium,
1010 1172 1161 1276 prioris
1266 1257 1268 1264 ,

127 1304 311 1392 nusquam
333 1285 549 1364 mentionem
569 1281 705 1386 injicit.
756 1281 849 1361 Cum
871 1276 969 1360 nibil
985 1274 1161 1389 talespe-

126 1397 242 1477 ranti
261 1392 369 1476 ultro
386 1390 479 1476 mibi
490 1392 636 1476 obtulit
652 1387 958 1500 exemplarillud
974 1393 1027 1474 A.
1047 1395 1180 1494 1678,

129 1505 249 1588 Cizan
280 1503 481 1614 inpreffum
514 1503 588 1588 Cel.
621 1505 666 1587 P.
690 1505 936 1588 Burmannus
963 1505 1040 1585 Sec.
1057 1506 1164 1612 cujus

123 1617 166 1700 in
195 1619 380 1726 Eutropii
412 1615 605 1701 Codicibus
622 1611 958 1722 subministrandis
982 1615 1154 1712 facilita-

120 1742 201 1813 tem
227 1731 346 1812 esiam
372 1744 465 1812 ante
491 1752 540 1809 ex
568 1743 679 1809 crtus
699 1726 869 1827 sueram.
933 1725 1042 1808 Haec
1062 1751 1159 1811 uero

117 1842 215 1950 quin
232 1839 360 1924 eadem
386 1841 501 1924 editio
533 1856 587 1938 ct,
615 1863 728 1948 qnam
748 1843 787 1920 in
794 1837 875 1950 seq.
902 1863 1042 1922 annum
1062 1841 1157 1946 reji·
1208 1911 1212 1920 ,

119 1954 175 2035 cit
196 1952 251 2034 Cl.
277 1951 502 2053 Fabricius,
531 1951 654 2034 nullas
671 1948 825 2048 dubito,
854 1954 946 2058 quia
966 1953 1006 2034 in
1025 1951 1156 2058 Suppl.

123 2061 259 2146 nist.
296 2077 333 2171 p.
357 2089 445 2148 ιιι.
484 2061 728 2174 posteriorem
759 2057 833 2172 ipse
851 2075 967 2144 uocat
987 2061 1153 2144 alterum.
1275 2119 1279 2128 ·

115 2173 171 2258 In
192 2173 264 2259 bac
281 2199 398 2276 nero,
425 2201 539 2286 quam
560 2179 599 2258 in
620 2175 713 2274 illa,
728 2243 729 2247 ι
743 2189 787 2256 nt
807 2173 886 2281 fit,
902 2171 1154 2280 sccusjbnfis·

103 2283 315 2400 saisinam
326 2285 630 2401 Eruditlffimnm
645 2312 667 2369 e
674 2285 748 2394 fico
767 2278 1033 2397 locosnbjcllis
1051 2285 1152 2369 alte·

119 2403 207 2484 rins
223 2403 323 2484 notis
343 2398 523 2512 liquebit,
543 2423 639 2513 quas
657 2397 739 2483 idco
751 2396 905 2497 addidi,
919 2396 1018 2511 qnod
1034 2422 1155 2483 meam

109 2506 348 2622 sententiam
371 2530 546 2599 mutatae
562 2510 801 2619 confirmant.

178 2616 255 2709 His
276 2628 410 2737 itaque
438 2626 621 2727 auxiliis,
650 2622 784 2735 quibus
804 2644 905 2705 meas
923 2622 1153 2733 qualescum.

114 2760 190 2846 qne
210 2734 730 2847 Animadvcrfionesadjeci‚
756 2734 874 2817 multo
891 2729 1044 2819 nullior
1059 2752 1151 2843 pra-

114 2842 238 2952 diifflet
267 2842 426 2952 Rufus,
467 2875 580 2959 qnam
606 2848 705 2932 alim.
771 2848 835 2931 At
871 2870 944 2957 qna
970 2846 1150 2931 ornatior
1292 2951 1296 2957 p

114 2982 213 3041 nunc
236 2957 430 3069 prodeat,
469 2960 565 3045 idem
595 2958 694 3044 illud
714 2960 934 3043 Burmanni
948 2955 1050 3062 finit
1068 2980 1150 3040 mn·

112 3094 208 3173 nus,
234 3069 334 3183 quod
348 3086 511 3182 praeter
530 3071 779 3183 defideratam
799 3068 1017 3165 editionem,
1038 3073 1149 3180 quin·

110 3207 185 3295 que
213 3182 327 3268 coac.
363 3184 573 3268 MStornm
605 3182 868 3268 Conlatiannm
890 3188 1030 3291 copiam
1040 3180 1146 3285 sice·

108 3298 198 3394 rit,
236 3311 281 3379 ut
308 3299 467 3380 omnium
494 3291 771 3409 ingratcffimus
799 3291 926 3402 ψη,
954 3292 1026 3402 nist
1048 3286 1146 3378 Viro

93 3408 269 3493 ‘Eximio
280 3406 426 3519 publice
442 3414 602 3517 gratias
621 3432 785 3518 agerem.
832 3405 904 3489 Aa
918 3402 1026 3489 aram
1046 3410 1144 3489 enim

110 3519 217 3606 illius
237 3520 468 3629 exemplaris
484 3538 654 3633 quatuor
682 3520 805 3604 MSS.
824 3518 1061 3603 Conlationes
1077 3516 1147 3602 ad·

110 3632 268 3719 leverat
289 3634 366 3719 Vir
386 3638 483 3719 imni
509 3660 585 3718 mea
600 3636 798 3744 praeconio
825 3634 951 3741 neojur
967 3632 1013 3715 P.
1039 3632 1146 3713 Bur·
1233 3658 1237 3667 ·

110 3768 270 3829 mannus
291 3747 496 3846 Patruus,
524 3771 684 3858 qnorum
704 3761 832 3829 tamen
859 3768 954 3826 nnus
972 3769 999 3825 a
1016 3745 1143 3849 sapite

111 3853 169 3953 ad
203 3857 337 3943 calcem
363 3873 455 3943 crat
485 3858 687 3959 conlatus,
730 3860 850 3941 ceteri
889 3880 959 3937 non
987 3850 1057 3935 nib
1089 3850 1144 3937 ad

106 3964 170 4061 nd
185 3972 226 4059 C.
248 3990 348 4055 x111.
375 3968 472 4058 unde
492 3969 547 4059 ad
566 3970 792 4169 Cassrlogum
809 3966 910 4056 Bibl.
936 3963 1142 4166 Lngdcgza·

671 4106 733 4169 ee
761 4108 784 4191 3
1099 4106 1149 4166 cs
