2875 4650
298 275 453 350 xxvrrr
546 250 1118 350 PRAEFATIO.

294 447 425 526 men,
463 420 552 532 quia
585 448 631 510 ea
664 439 746 508 erat
782 421 1085 532 Biblioposarum
1123 428 1331 534 voluntas,
1427 494 1430 499 -

294 560 412 648 quam
441 537 529 647 quia
556 535 596 620 id
628 535 872 620 necessarium
900 536 1106 622 videbatur.
1166 545 1330 651 Alioqui

296 644 481 758 quaedam
503 645 727 755 rejecissem,
753 646 939 755 quaedam
959 651 1182 752 recepissem.
1234 659 1327 768 Syl·

295 758 423 874 burgii
444 781 574 848 tamen
603 759 824 846 Editionem
852 762 963 845 serina
991 759 1188 850 offendisse
1205 770 1332 879 piget,

294 879 402 978 cuiue
425 871 595 988 integrae
621 871 799 957 dedissem
829 872 1117 965 observationes.
1176 881 1328 984 Quem·

293 983 505 1076 admodum
528 988 760 1072 Celsarianaa
780 986 828 1071 ab
846 987 1114 1098 Havercampo
1131 991 1241 1076 serius
1263 995 1327 1076 in-

243 1189 245 1194 ,
291 1117 429 1185 ventas
458 1100 528 1184 suis
555 1101 649 1184 locis
670 1087 828 1184 inserui·
874 1099 1041 1186 Gruneri
1075 1127 1227 1210 quoque
1250 1131 1325 1190 no·

292 1227 352 1297 tas
375 1211 509 1297 lubens
528 1205 760 1316 adjecissem,
787 1208 855 1295 nist
877 1221 1057 1318 majorem
1076 1217 1217 1322 Operis
1237 1245 1323 1302 mo·

291 1325 368 1413 lem
399 1341 465 1410 aut
496 1323 792 1437 Ty'pographi,
827 1325 891 1433 qui
920 1327 960 1407 iu
987 1351 1072 1410 eam
1098 1324 1321 1414 Editionem

291 1433 534 1548 prodendam
554 1437 726 1545 inpensas
746 1435 858 1539 feeit,
877 1439 1067 1544 querelam
1086 1439 1320 1544 metuissem,

293 1575 412 1660 quum
441 1575 524 1633 eam
554 1575 659 1634 nune
684 1550 737 1632 ita
754 1539 940 1654 recensui,
968 1569 1013 1634 ut
1039 1575 1162 1658 neque
1188 1555 1322 1656 isium,

292 1685 418 1772 neque
454 1657 651 1746 Editorem
680 1663 876 1770 poenitere
906 1660 1031 1772 poffit.
1091 1666 1197 1768 Quia
1226 1691 1320 1751 veto

291 1773 352 1860 Cl.
373 1774 595 1860 Heumanni
624 1775 830 1860 nonnullae
859 1774 1153 1860 Observationes
1184 1775 1319 1882 adjecit

291 1885 602 1996 Havercampun,
630 1903 772 1971 ceteras
797 1913 886 1973 eum
918 1887 975 1973 Cl.
997 1885 1180 1973 Grunero
1211 1919 1318 1974 com·

291 1999 505 2084 manicatae
533 2025 584 2084 ex
602 2025 651 2084 eo
675 1996 856 2108 descripsi.
913 1997 1062 2085 lndicea
1089 2021 1166 2086 trev
1191 2029 1317 2089 novos

291 2108 449 2216 addidi,
477 2137 638 2223 quorum
667 2113 857 2222 primum,
883 2113 988 2221 quod
1014 2113 1175 2198 aliorum
1201 2121 1314 2200 venia

289 2220 477 2332 dixerim,
506 2225 672 2309 maxime
700 2221 939 2310 necessarium
966 2223 1150 2331 indicavi:
1185 2227 1317 2333 Quem

290 2336 397 2424 enim
429 2364 479 2423 ea
503 2336 753 2424 Douiffimae
771 2339 950 2423 Feminae
969 2336 1148 2423 Editione
1169 2341 1318 2425 Havet-

292 2476 451 2560 campua
474 2446 604 2551 dedit,
631 2448 731 2533 vitiis
754 2450 889 2537 scatere
907 2470 1085 2558 expertus
1103 2452 1206 2553 sum,
1233 2454 1316 2560 qui-

292 2588 368 2673 que
395 2563 443 2645 ab
471 2562 553 2647 aliis
570 2559 794 2670 compositi,
821 2584 887 2649 aut
908 2567 1022 2649 solam
1044 2563 1314 2667 Latinitatem,

291 2694 360 2763 aut
378 2675 679 2788 Chronosogiam
699 2672 888 2785 spectant,
909 2678 1035 2760 saltem
1055 2703 1137 2762 non
1159 2706 1317 2763 omnem

292 2814 418 2875 rerum
438 2814 483 2872 ac
502 2789 705 2871 verborum
728 2790 903 2872 notitiam
921 2788 1112 2872 exhibent.

350 2902 415 2985 De
433 2901 511 3009 ipso
532 2901 721 3009 Eutropio
741 2905 902 2985 certiora
928 2899 1112 3009 quaedam
1133 2899 1317 3007 prodidis-

290 3012 372 3098 sent
396 3012 483 3095 Viri
506 3010 648 3113 Dosti,
678 3039 791 3120 quam
820 3015 975 3097 vellem!
1006 3040 1095 3097 nam
1120 3018 1183 3120 qui
1206 3021 1317 3101 satius

291 3124 342 3211 de
369 3125 436 3210 ilso
454 3124 567 3236 egisse
588 3123 726 3209 dicitur
745 3125 952 3228 Mollerus,
980 3132 1059 3233 eiua
1084 3124 1318 3213 Dissertatio·

223 3248 225 3254 ‘
292 3254 384 3326 nem
417 3236 547 3323 videre
576 3264 657 3321 non
687 3239 875 3350 contigit,
903 3260 970 3340 ut,
997 3236 1103 3345 quod
1138 3241 1178 3321 in
1206 3239 1318 3326 Festo

292 3352 513 3455 observavi,
537 3350 650 3434 etiam
671 3350 755 3450 hic,
781 3349 847 3434 etsr
867 3350 1317 3462 pauciffimis‚quaedam

291 3468 333 3550 in
355 3461 520 3549 medium
541 3462 709 3570 proferre
730 3490 860 3572 cogar.
916 3466 1052 3551 Flauii
1082 3492 1319 3570 praenomen

292 3580 482 3686 Eutropio
503 3574 608 3662 furue
636 3578 712 3661 sola
733 3575 883 3688 Sigonii
912 3576 956 3660 du
985 3577 1111 3662 Balth.
1126 3578 1318 3665 Bonifatii

289 3692 514 3778 audioritat'e
532 3692 674 3773 nititur.
732 3690 870 3798 Neque
887 3692 991 3773 enim
1010 3692 1049 3771 in
1071 3690 1216 3779 Codice
1235 3720 1316 3785 ma·

290 3833 344 3890 nu
363 3802 405 3886 da
432 3806 535 3913 typis
563 3820 722 3887 exarato
746 3805 848 3905 ulio,
877 3830 1001 3910 neque
1029 3805 1133 3912 apud
1161 3806 1321 3891 Veterea

291 3918 476 4028 ejusmodi
496 3942 732 4027 praenomen
759 3916 959 4003 obcurrere
977 3925 1056 4027 jam
1078 3921 1231 4003 monuit
1251 3916 1317 4117 ξι.

697 4088 701 4094 .
1283 4057 1322 4117 a.
