2875 4650
295 270 857 367 PRAEFATIO.
989 295 1112 369 mx

94 446 290 535 Fabricius
313 446 349 528 iu
376 445 476 529 Bibl.
494 444 579 529 Lat.
638 442 789 529 Italum
813 456 929 529 vocat
951 440 1091 529 Stridet
1098 505 1115 550 ,

99 560 167 647 sed
190 560 240 643 uti
256 584 388 643 uomeo
413 564 613 645 Graecum
639 554 804 659 indicat,
828 558 882 641 ita
899 554 975 642 hoe
993 554 1116 641 verbo

105 696 192 755 eum
208 672 330 755 Latine
349 666 528 779 scripiiiie
542 667 701 754 Suidam
720 668 878 755 innuere
895 670 991 753 velie
1012 666 1114 755 tede

107 786 241 887 conjicit
257 781 359 868 idem
380 783 433 865 V.
457 784 517 867 Ci.
560 782 660 866 Eum
681 780 936 866 Constantino
954 780 1005 865 ab
1022 780 1114 892 Epi·

107 894 333 999 iioiisfuiiie,
366 896 473 1003 quod
497 893 673 981 Codiuua
701 894 743 977 in
766 892 903 979 Seleet.
931 891 980 979 de
998 896 1114 1005 Orig.

106 1008 385 1118 constantinop.
399 1006 542 1109 tradit,
570 1009 673 1093 ilium
695 1006 734 1089 io
755 1006 869 1089 rebor
882 1004 981 1089 illiue
991 1010 1115 1117 impe.

97 1123 261 1317 dammi
270 1148 366 1231 quaa
385 1122 509 1313 omits
530 1119 602 1316 susis
624 1116 749 1203 vidiffe
762 1117 851 1247 uait,
877 1114 1009 1314 tester?
1036 1123 1116 1247 lau·

123 1258 209 1331 ans,
252 1262 263 1319 r
290 1260 471 1319 verume
571 1258 639 1317 exa
691 1256 802 1315 uarro
829 1255 951 1315 maor
996 1253 1091 1317 uerit

98 1344 233 1431 neceffe
259 1345 338 1450 est,
368 1372 488 1453 quum
513 1294 618 1456 'opus
641 1258 751 1429 idum
777 1258 980 1454 surprise,
1006 1290 1116 1431 aonii

98 1460 235 1545 circiter
245 1458 337 1546 Chr.
348 1482 561 1543 cccrxvrr.
581 1456 964 1563 qroaieotiniauua
982 1454 1026 1541 dc
1037 1458 1116 1543 Va·

98 1576 175 1656 lena
192 1569 241 1653 ad
260 1575 465 1679 imperium
493 1566 738 1671 adcesserint,
765 1571 826 1655 vel
851 1572 981 1677 paullo
1005 1568 1116 1679 post,

98 1685 181 1791 quia
201 1714 223 1769 a
253 1684 421 1768 Valente
451 1690 527 1785 jam
553 1683 726 1766 Orientis
751 1680 897 1793 imperii
919 1682 1048 1791 potito
1071 1684 1116 1767 il·

98 1795 164 1879 iud
196 1798 352 1881 demum
381 1796 536 1881 scribere
574 1790 684 1900 juiius
719 1792 784 1877 est.
848 1796 931 1881 Sub
959 1790 1142 1911 Juliano'

99 1934 189 1993 eum
216 1906 387 1991 militaiie
424 1907 585 2013 plerique
621 1904 821 2003 statuunt,
858 1906 946 2009 quia
981 1907 1017 1991 se
1047 1932 1116 1991 ex·

103 2016 293 2129 peditioni
319 2027 399 2123 ejus
424 2019 463 2101 iu
484 2018 656 2120 Persas,
690 2014 895 2103 interfuiiie
930 2014 1018 2121 ait,
1055 2044 1118 2105 ve·

101 2162 185 2217 rum
219 2152 286 2217 aut
312 2130 447 2217 eodem
480 2150 544 2215 aut
563 2130 669 2215 iimili
690 2154 869 2233 munere,
903 2156 983 2239 quo
1010 2129 1116 2232 apud
1248 2145 1251 2152 ’

102 2242 432 2348 Constantinum,
474 2240 584 2354 iungi
608 2243 756 2350 potuit,
792 2238 1118 2362 quemadmodum

100 2361 138 2440 in
168 2361 286 2444 Curia
315 2357 493 2444 Valentis
521 2355 658 2469 degisse
677 2359 797 2470 vulgo
815 2353 1003 2463 creditur,
1030 2381 1117 2446 non

103 2471 277 2556 militaiie.
337 2471 378 2554 Si
406 2497 496 2554 uero
520 2467 761 2554 Constantini
793 2467 855 2554 Μ.
882 2472 1119 2581 temporibue

102 2591 171 2687 iam
191 2585 515 2692 floruerit,liqtret
536 2577 669 2666 frustra
686 2579 784 2683 eiie,
796 2583 861 2692 qui
879 2607 968 2668 eum
981 2586 1119 2694 Augu·

103 2694 187 2778 itini
218 2693 443 2800 discipulum
478 2692 655 2794 iaciant,
693 2695 800 2777 iilum
838 2690 1120 2792 confundentea

104 2833 193 2890 cum
212 2807 438 2918 Presbytero
455 2803 621 2912 ejusdem
650 2805 819 2890 nominis
846 2804 890 2889 dt
910 2804 1120 2920 Augustini

104 2917 311 3026 discipulo,
338 2926 438 3023 cujus
458 2915 562 3028 apud
572 2913 817 3004 Gennadium
839 2919 986 3005 mentio
1003 2915 1118 3008 sabia:

103 3029 423 3140 quemadmodum
446 3057 496 3120 eo
525 3032 647 3116 seculo
665 3033 791 3140 ploret
811 3026 917 3118 fuere
941 3031 1121 3143 Eutropii

103 3145 278 3230 aNostro
297 3139 457 3248 diversi,
483 3169 580 3254 quos
597 3169 734 3228 omnes
754 3146 940 3230 recensere
956 3146 1122 3258 longum

100 3254 207 3342 iuret.
276 3255 534 3362 Christianum
551 3251 656 3341 fuiffe
675 3253 835 3342 credunt
851 3257 985 3360 multi,
1014 3253 1122 3369 quod

103 3369 307 3476 Juliaaum
343 3367 586 3477 Christianae
616 3369 825 3478 Religionis
858 3363 1123 3471 infestatorem

104 3504 242 3588 uocat,
267 3509 355 3565 cum
380 3498 509 3566 tamen
540 3478 640 3566 idem
667 3480 708 3566 in
727 3479 865 3568 eodem
886 3485 1123 3591 Imperatore

103 3596 293 3704 vituperat
310 3591 569 3696 Themistou,
597 3617 710 3702 quem
732 3593 986 3680 Christianum
1004 3619 1124 3685 nemo

105 3704 225 3810 dicet,
254 3723 515 3815 praeterquam
534 3703 639 3815 quod
657 3727 739 3792 tum
758 3703 909 3792 aliae&
926 3709 1123 3820 graviores

109 3813 408 3922 praecedentium
436 3823 491 3904 lm
543 3837 711 3906 rarorum
732 3819 1057 3915 vexationeanou
1080 3847 1125 3908 o·
1215 3887 1220 3904 .

106 3918 385 4046 miiisset,‚quaa
397 3933 483 4022 Oro
514 3959 556 4022 ur
575 3933 681 4024 iilum
699 3934 791 4026 aiat
810 3931 1021 4056 describens
1041 3957 1125 4058 nort

648 4081 652 4088 ·
1027 4069 1126 4134 omr-
