2875 4650
279 225 522 324 PRAE
578 237 932 329 FATIO.
1050 238 1205 340 xxvrr'

102 469 138 520 „
167 392 558 494 noninnsstesrmo
598 404 1003 519 quadringentesrmo
1034 413 1187 530 sexage-

110 583 147 629 ᾖ
175 511 341 612 [wire
369 531 537 622 atque
578 517 657 606 ita
691 519 948 629 quadriennio
975 525 1189 636 vetustior,
1227 601 1230 607 .

116 661 218 742 qum
230 633 395 751 Quartum
483 633 705 720 Secundi
733 659 825 718 vero
850 633 895 720 dr
920 638 1053 726 Tertii
1078 663 1187 730 vetu-

122 749 225 834 strtru
242 739 369 848 nequ
405 765 533 826 non
582 748 726 854 potui.
784 749 938 834 Horum
960 773 1089 838 eutem
1110 754 1187 842 Le·

118 861 254 945 diunuu
274 852 652 960 discrepantiae,
693 883 880 968 quantum
918 864 1064 970 potui,
1098 865 1187 952 dili·

117 991 228 1085 genter
247 971 412 1056 conlatae
453 968 521 1054 in
569 974 793 1058 Variautes
822 971 1028 1062 Lectiones
1049 983 1185 1087 rejeci,

115 1089 216 1196 iisque
237 1083 277 1168 iu
301 1081 390 1166 usue
424 1083 552 1170 sum
568 1147 586 1184 ‚
627 1100 697 1187 ut,
724 1081 794 1170 nifi
822 1095 946 1194 major
967 1113 1102 1176 eorum
1119 1121 1187 1180 au·

115 1195 243 1282 dorius
263 1194 440 1304 juberet,
488 1197 567 1282 ab
604 1199 941 1307 Havercumpiaua
969 1201 1186 1292 lediouea

119 1311 224 1394 multis
247 1307 377 1396 nonis
409 1305 522 1398 fide
567 1310 774 1398 Codicum
806 1311 926 1398 MSS.
945 1337 1098 1424 receptu
1125 1344 1186 1403 ra·

117 1422 230 1508 ussiue
258 1420 496 1510 recesserim
520 1479 544 1526 ,
595 1421 707 1532 quod
741 1444 869 1508 tamen
896 1451 1180 1539 nonuunquam

118 1532 287 1642 emidius
301 1563 460 1622 eorum
480 1595 503 1640 ‚
516 1536 631 1644 quia
643 1537 975 1644 Prrrnoexcepn,
989 1545 1183 1652 nonopti·

99 1673 292 1736 mreuotue
311 1676 395 1736 nec
414 1647 754 1751 vetustae‚cum
765 1647 1176 1744 Vetustioribquditt.

81 1765 387 1874 conspirantium
397 1759 667 1850 constantia
679 1759 792 1846 ferret
799 1762 937 1865 ,etiam
946 1764 987 1850 in
1000 1765 1047 1850 iir
1053 1794 1177 1875 ,quae

88 1878 267 1968 historiae
290 1874 640 1988 repugnabant,
678 1871 798 1958 modo
828 1873 878 1960 ab
910 1878 991 1982 ipso
1020 1880 1178 1968 auctore

94 1989 270 2100 profesta
288 1991 384 2076 mibi
397 1987 651 2098 peribusum
668 1985 777 2072 effet:
798 1987 864 2070 Uti
873 1990 977 2074 enim
989 1990 1030 2074 iu
1041 1993 1178 2099 probe·

98 2102 244 2188 tiffir'rrir
258 2101 565 2215 scriptoribus
583 2100 738 2188 evenire
756 2095 951 2206 videmur,
972 2121 1016 2187 ut
1025 2105 1085 2190 stru
1097 2131 1178 2194 me·

98 2219 216 2302 morin
235 2213 360 2326 lapsi,
390 2211 489 2298 [ive
515 2213 572 2298 ab
590 2211 693 2316 aliie,
718 2237 817 2320 quos
831 2213 968 2302 imitati
994 2211 1176 2328 fuerunt,

102 2330 252 2441 decepti
263 2326 508 2441 aliquando
520 2326 801 2429 aberrent,vix
810 2323 891 2412 fieri
902 2327 1041 2439 potest,
1054 2334 1175 2440 quin,

105 2446 166 2551 qui
179 2471 251 2554 per
269 2463 338 2529 tot
356 2468 582 2528 annorum
599 2436 860 2543 seriem‚&ex
869 2444 982 2526 variis
992 2471 1037 2529 uc
1045 2441 1173 2532 diuer-

107 2558 388 2649 sirausloribus
398 2552 611 2643 historiam
622 2555 839 2665 conligunt,
848 2553 990 2663 saepius
1000 2580 1172 2664 peccent:

112 2673 251 2778 Neque
265 2674 516 2779 scriptorem
536 2665 731 2750 emendari
749 2664 952 2769 existimo,
970 2666 1172 2779 srloquen.

116 2782 473 2883 temindueumurr,
495 2782 554 2863 uti
564 2778 668 2887 loqui
678 2776 957 2880 debuisset‚sed
971 2782 1024 2864 uti
1033 2784 1171 2892 loquu-

118 2915 181 2979 tus
198 2894 281 2998 est,
308 2888 647 3003 quemadmodum
669 2918 692 2975 e
713 2893 780 2978 suo
807 2894 955 2984 calculo
974 2894 1062 3003 quie
1082 2924 1169 2982 non

117 3010 265 3118 semper
289 3034 498 3094 annorum
523 3007 709 3089 rationem
741 3004 825 3089 iniit
848 3006 1080 3116 Eutropius,
1104 3009 1167 3096 sed

117 3124 317 3225 aliorum,
361 3146 470 3230 quos
496 3116 747 3227 sequebatur,
784 3116 846 3203 hic
874 3121 950 3207 illic
978 3121 1169 3231 reposuit,

114 3237 259 3345 saepius
288 3237 334 3318 in
369 3232 685 3344 Chrouoiogiam
707 3230 906 3339 peccavit,
945 3232 1051 3341 quod
1075 3262 1168 3323 cum

116 3350 251 3435 ceteris
273 3345 511 3448 erroribus,
537 3370 634 3453 quos
656 3342 785 3431 videre
803 3344 994 3457 contigit,
1022 3348 1090 3433 suo
1107 3350 1167 3435 lo·
1302 3361 1306 3380 ¹

112 3490 160 3549 co
188 3463 361 3562 monui,
397 3484 479 3567 quu
495 3458 536 3541 irr
555 3483 597 3543 re
614 3458 705 3567 quid
727 3486 751 3543 u
775 3482 838 3543 me
855 3456 1073 3570 praestitum
1094 3456 1161 3569 fit,

110 3574 291 3661 sudoris
316 3570 407 3657 esto
429 3567 581 3677 judicii,
604 3573 670 3657 eui
700 3568 851 3657 facilem
881 3597 944 3657 me
977 3598 1024 3659 ac
1052 3571 1162 3661 doci·
1289 3612 1299 3661 ·.

108 3692 182 3777 leur
204 3687 470 3799 praebiturus
488 3685 590 3787 sum,
618 3680 827 3771 fimelioru
852 3682 1022 3773 edoceat.
1080 3687 1162 3776 Eo·

109 3800 287 3891 mmdem
330 3822 441 3883 vero
492 3796 710 3885 Dodorum
757 3794 1159 3904 Animadversroner,

104 3944 200 4037 qum
216 3916 533 4035 Havercampur
547 3908 727 4020 dederat,
754 3910 934 4004 exhibui:
961 3914 1159 4115 magneta·
1220 4022 1227 4031 ι

1028 4054 1079 4115 m
1101 4054 1159 4137 n,
