2875 4650
327 215 944 316 unurcnrrm
1065 247 1157 343 m

119 421 210 526 bus
243 419 298 520 ita
326 413 529 537 excellis,
564 440 614 516 ut
646 411 827 555 srngulis
855 452 1008 524 earum
1028 425 1160 560 pani.

121 583 207 692 bus
230 609 521 714 peromnem
553 573 692 674 vitam
737 571 814 676 Te
851 605 992 680 unum
1019 577 1161 684 dedis·

126 736 391 857 evidentis,
423 734 735 872 cognitionem
754 734 928 839 erudito
948 739 1161 878 orbipro·

120 893 259 1016 usti,
303 895 355 996 ὅτ
390 919 613 992 aeternam
659 887 765 989 Tibi
798 885 968 996 famam
1006 897 1159 999 conci-

116 1048 237 1152 liassi.
310 1049 377 1149 Ut
417 1046 506 1148 illas
543 1073 710 1146 taceam
747 1045 955 1170 delicias,
1000 1051 1158 1189 quibus

115 1245 346 1350 quemque
357 1212 403 1310 in
416 1205 639 1342 stuporem
656 1205 802 1344 rapitis
816 1207 1035 1348 Uterque,
1045 1243 1159 1348 quo,

116 1359 398 1506 tiescumque
442 1361 587 1464 versus
626 1361 833 1498 pangratio
864 1393 955 1465 tam
995 1362 1185 1494 tersus,·‚

114 1556 212 1626 tam
237 1522 293 1622 ad
311 1520 517 1621 felicioris
537 1520 686 1616 aeraria
708 1513 945 1618 Poetarum
969 1520 1159 1654 genium

112 1675 453 1790 confonuatos,
480 1697 528 1769 ut
548 1704 653 1770 cum
676 1667 799 1804 prisci
824 1667 941 1772 Latii
964 1673 1159 1806 Scripto-

110 1854 226 1920 rum
246 1825 505 1922 carminibus
530 1823 801 1924 contendere
824 1811 1000 1956 poffin't.
1068 1825 1159 1930 Sed

110 2015 179 2079 ne
202 1982 250 2079 in
266 1979 588 2102 adsentationis,
625 2016 650 2082 a
673 2015 759 2120 qua
780 2015 873 2084 non
895 1983 1042 2083 minus
1057 1975 1161 2086 Vos

110 2129 403 2264 alienissimos
424 2135 555 2252 novi,
590 2165 724 2271 quam
746 2134 835 2270 ipe
855 2169 932 2235 me
952 2133 1160 2236 abhorre

108 2328 167 2393 re.
184 2285 428 2427 profiteor,
455 2286 745 2426 suspicionem
772 2293 1014 2412 incurram,
1043 2321 1161 2430 quae

109 2480 198 2546 me
244 2472 322 2564 ut,
356 2434 683 2582 quamprimum
721 2444 919 2564 daretur,
961 2443 1164 2546 occasroa

109 2630 261 2716 nem,
304 2627 518 2733 quantum
550 2594 693 2698 Vobis
723 2596 936 2715 debeam,
972 2590 1157 2695 testandi

111 2756 406 2890 adripetem,
451 2749 592 2855 caussir
633 2754 817 2891 inpulit,
853 2746 1162 2890 aequissimam

110 2910 211 3011 essie
246 2910 392 3044 potius
421 2909 662 3013 ostendam.
732 2953 735 2961 ·
785 2950 789 2961 ·
1157 2942 1162 2954 ’

187 3065 344 3165 Primo
373 3066 504 3200 igitur
535 3066 639 3166 loco
670 3062 725 3165 ad
758 3056 860 3189 Te,
894 3062 1153 3175 Roman,

113 3220 327 3340 redeam,
361 3216 534 3321 necessa
556 3216 644 3343 est,
678 3220 803 3354 cujus
831 3223 986 3321 merita
1011 3224 1055 3321 in
1078 3251 1154 3323 me

115 3401 236 3475 tanta
267 3372 391 3495 sunt,
427 3401 477 3474 ut
510 3378 716 3475 omnium
750 3370 888 3477 essem
919 3372 1154 3511 ingratiffi·

119 3560 236 3649 mus,
271 3524 356 3628 nist
381 3558 438 3625 ea
463 3525 800 3664 adgnoscerem:
835 3531 883 3630 Si
906 3532 1032 3631 enim
1060 3532 1153 3633 vita

122 3682 333 3789 &sanitas
359 3714 548 3805 omnes,
585 3718 690 3823 quas
709 3686 808 3825 quis
831 3714 1033 3822 expetat,
1057 3681 1153 3787 sor·

112 3870 223 3952 tunes
246 3841 496 3985 superant,
524 3837 647 3978 juxta
672 3842 791 3944 vitae
812 3876 874 3945 ao
886 3845 1042 3950 mortis
1061 3846 1155 3949 Ar·

675 3996 775 4137 †4
1086 4000 1182 4133 bit
