2875 4650
347 306 720 385 onuvran
769 306 866 385 ura.
917 257 1019 385 vm.
1098 336 1183 411 ,401

194 487 334 563 XVIII.
363 484 640 582 Hioc¹¹Imperii
667 483 821 556 Romani
847 482 1186 562 administrationem

151 607 169 643 ⁰
181 586 372 685 Septimius
387 604 402 653 r
416 589 570 657 Severus
593 584 748 674 accepit:
773 580 938 653 oriundus
955 605 969 653 a
984 609 1029 659 err
1047 584 1184 673 Africa,

145 686 360 781 ¹provincia
378 684 630 778 Tripolitana,
648 678 781 774 oppido
810 680 951 773 ¹Lepti.
978 681 1066 758 solus
1083 685 1183 758 omni

148 781 373 858 memoria&
392 801 474 855 ante
486 779 524 853 ἃ
539 777 659 875 postea
678 800 723 850 err
737 776 859 850 Africa
877 781 1065 872 imperator
1083 781 1178 854 fuit”.

144 883 221 957 Hit
234 872 385 981 orimum
403 880 477 954 fisci
497 892 507 939 ⁵
522 878 736 966 advocatus,
759 894 874 949 ultanu
895 879 1052 953 militaris
1069 883 1178 953 tribu·

1051 1036 1056 1056 ,
1096 1000 1161 1051 uus

341 1070 1001 1174 Vanrnu‘Lucrrouun
1168 1028 1184 1071 ’

186 1240 208 1282 n
224 1218 334 1299 Imperii
358 1223 441 1282 oanis
471 1216 720 1297 adminstrationis
749 1220 808 1279 LC.
841 1218 950 1295 Imperii
972 1218 1102 1299 sumnam
1131 1217 1177 1280 ab

148 1302 215 1360 otio.
232 1302 264 1359 F.

185 1393 205 1433 o
223 1376 352 1453 Septa'mus
370 1376 400 1435 S.
418 1378 457 1433 N.
477 1376 510 1434 Β.
532 1374 569 1432 G.
588 1376 626 1434 V.
645 1372 739 1451 Lugd.
757 1374 819 1433 Bat.
838 1390 864 1435 2.
886 1389 912 1447 3.
935 1386 961 1447 ς.

186 1470 207 1529 p
224 1455 356 1529 Abreptus
375 1452 467 1527 Lugd.
486 1454 550 1509 Bat.
572 1466 600 1508 2.

186 1530 263 1603 qEr
280 1529 371 1605 Lugd.
392 1534 455 1587 But.
476 1545 504 1587 2.
573 1564 577 1573 ·

187 1624 203 1665 1
224 1607 334 1666 Desunt
352 1607 412 1665 LC.

187 1683 313 1758 erptn
332 1683 423 1757 Lugd.
443 1684 506 1743 uae
529 1700 555 1744 1.

187 1759 342 1817 tDucatas
361 1758 530 1834 Lugubre
553 1774 581 1831 3.

188 1850 210 1894 u
228 1834 352 1897 Militari
369 1836 461 1911 Lugd.
480 1840 534 1897 But
553 1853 581 1895 a.

511 1971 816 2041 Nouae.

183 2118 269 2167 livill,
282 2116 343 2166 Iliae
363 2120 452 2181 :bault
473 2118 645 2179 Mamaeum
683 2120 737 2171 lose
752 2116 897 2179 exarmatis,
907 2117 933 2167 in
945 2117 1036 2177 synam
1047 2116 1181 2176 proficisci-

150 2180 218 2245 am]
241 2182 274 2229 Ur
296 2184 447 2232 commodus
460 2184 545 2231 caelus
559 2185 647 2244 effi&
684 2196 740 2233 tur:
755 2197 784 2233 ac
801 2184 875 2241 Niaro
893 2183 984 2231 ibidem
1001 2181 1098 2231 devicto
1114 2216 1122 2242 ,
1140 2193 1180 2231 re·

149 2258 210 2293 mox
225 2244 357 2301 Pertinax,
373 2257 421 2293 occ
432 2246 579 2305 reliquill'ent
590 2250 646 2295 bae·
684 2249 719 2295 dir
734 2248 759 2295 in
776 2248 880 2295 Galliam
895 2248 924 2295 ad
936 2246 1050 2294 Clodium
1064 2246 1182 2295 Albinum

118 2332 127 2339 „
149 2310 255 2369 redens,
266 2308 335 2356 multi
352 2306 482 2369 imperium
498 2310 646 2358 invaserunn
683 2310 872 2360 deviucendum.
904 2312 940 2358 lta
957 2308 1057 2369 prorsus
1068 2307 1182 2358 omnibus

149 2372 339 2421 RomaeDidlus
350 2371 462 2434 Julianus
472 2406 481 2433 ,
492 2375 517 2420 ln
531 2374 645 2430 synale-
684 2372 800 2436 deuistb,
816 2373 841 2420 io
864 2375 979 2432 Parthos,
1001 2372 1130 2421 Armenios
1151 2382 1184 2419 ac

151 2435 265 2485 sceuuius
281 2435 374 2495 Niger,
399 2437 425 2483 in
447 2436 527 2484 Gallia
543 2437 646 2485 Clodius
684 2440 780 2487 Arabes
801 2437 912 2485 exercitu
929 2435 1023 2495 datio,
1041 2438 1116 2484 multa
1130 2446 1183 2482 tro·

151 2499 266 2547 Albinus:
294 2498 320 2546 in
344 2501 478 2548 Pannoniis
495 2511 524 2547 ac
545 2501 646 2556 illyrico
685 2514 748 2561 paea
767 2501 926 2558 celebresque
942 2498 1054 2550 victorias
1068 2510 1181 2556 reporta-

149 2562 443 2621 Septimiua,‘vclremeus
456 2565 532 2610 bomo
542 2563 648 2622 negociis
686 2565 737 2612 vit:
753 2575 813 2622 quas
823 2575 909 2612 omncs
924 2563 976 2622 ipse
992 2563 1033 2612 sua
1048 2560 1181 2612 crudelita-

150 2623 283 2684 sereodis,
297 2625 429 2684 ecferor,
443 2625 558 2684 vitaeque
573 2626 647 2674 affue-
687 2639 711 2675 te
729 2627 860 2686 foedavit,
880 2628 902 2673 bt
923 2626 968 2674 filll
983 2626 1115 2675 sceleribus
1135 2625 1182 2672 ob·

149 2699 191 2736 aus
205 2689 281 2734 durae
295 2689 318 2734 or
332 2690 449 2747 asperae,
462 2702 590 2749 promptus
605 2702 648 2736 ex·
687 2691 848 2748 umbrarum,
871 2702 900 2738 ac
917 2690 942 2739 iu
960 2692 1062 2739 nlbllum
1079 2688 1182 2747 redege-

153 2749 285 2808 cogiramlis
301 2750 393 2810 rebus,
415 2764 473 2800 acer
486 2753 660 2812 exequcudla'
687 2766 751 2801 rum.
767 2753 848 2800 Grau.

152 2813 238 2860 oran.
719 2813 822 2878 Sauras]
836 2818 926 2864 Saevus
940 2814 1021 2873 potius
1030 2811 1181 2872 accrudelis,

184 2875 299 2936 Septi-lar
307 2873 414 2938 Sostrat]
430 2879 547 2938 severus,
558 2890 585 2926 ut
592 2879 648 2925 l’er·
687 2882 761 2928 Anno
776 2879 860 2926 Christi
878 2879 931 2938 196.
944 2878 983 2925 De
994 2879 1184 2940 quellensam-

153 2937 261 2987 tinacetu
271 2937 368 2986 caesum
381 2940 580 3004 audivit,Juliani
590 2954 647 2999 per·
684 2943 772 2990 cianus.
787 2943 870 2989 Grau.

151 3000 234 3066 fidia,
260 3000 356 3047 somnio
380 3004 485 3058 quodam
509 3017 589 3052 motus
615 3004 647 3052 ad
716 3001 885 3066 impellerem]
907 3000 1048 3059 Maritima,
1071 3000 1179 3048 adlatus
1247 3045 1255 3050 .

151 3058 221 3122 Ipcrn
236 3062 390 3110 nanciscendi
404 3065 520 3126 imperii,
537 3079 591 3114 cum
602 3066 647 3114 ici·
684 3065 758 3123 sanis
772 3065 883 3122 majoris:
895 3078 935 3112 aur
949 3065 1078 3112 interclusa
1088 3066 1180 3120 Syrtes.

150 3139 189 3174 ret
201 3127 335 3174 Pertinacis
344 3127 486 3176 memoriam
499 3132 564 3188 apud
576 3141 647 3177 exer·
685 3133 768 3179 Gula.
782 3129 868 3177 Medlo
883 3127 937 3174 fere
953 3128 1030 3185 spatio
1048 3127 1110 3174 inter
1121 3128 1178 3184 Syr-

151 3189 462 3252 cituslllyricossacram,
480 3193 645 3250 utquil’ercl·
684 3194 727 3242 tim
751 3191 875 3247 Maiorem
899 3190 1081 3246 &Minorem
1104 3189 1178 3237 bodie

148 3266 198 3300 nux
213 3252 256 3299 Iub
270 3252 307 3299 M.
323 3254 448 3301 Antonino
464 3257 538 3303 multa
553 3269 645 3303 memo·
684 3259 769 3318 mapale·
780 3256 807 3304 Io
823 3255 945 3302 urthern.
963 3256 992 3300 Α.
1010 3253 1033 3300 F.
1067 3254 1099 3299 Ur
1114 3251 1182 3309 uani·

150 3327 205 3363 ratu
219 3316 289 3374 digna
300 3315 410 3374 aeffiller,
430 3316 535 3365 rnilitum
551 3320 646 3366 animos
684 3319 771 3367 ficetur
788 3319 885 3375 Africa,
908 3316 1007 3375 proprie
1025 3314 1087 3364 dicta
1103 3318 1180 3375 Tripa-

150 3379 182 3428 ad
196 3379 363 3426 viridicandum
376 3377 430 3434 ejus
443 3384 545 3429 caedem
559 3381 646 3429 incita·
683 3385 719 3430 lla.
743 3382 827 3430 solino
844 3393 898 3437 cap.
912 3393 952 3439 40.
967 3379 999 3426 est
1014 3377 1119 3436 regionis
1134 3391 1180 3426 uo·

148 3443 345 3500 murmurans,
364 3454 415 3489 noo
440 3443 464 3490 Ie
485 3443 584 3502 quldem
601 3445 646 3492 im·
684 3457 759 3502 rnen,
773 3443 853 3492 dictae
870 3444 896 3490 dr
914 3447 982 3490 arian
999 3445 1086 3490 serbiam
1104 3457 1180 3490 naba·

152 3504 250 3564 perium
272 3516 393 3562 quaerere
411 3537 421 3564 ,
438 3505 482 3553 sed
511 3510 587 3555 ulrum
609 3506 645 3553 ire
684 3525 727 3566 ra,
746 3511 861 3566 Taphrae,
885 3509 1017 3565 Abronm',
1041 3507 1116 3566 Leptis
1130 3521 1179 3553 na·

150 3567 214 3616 rann
236 3567 357 3627 principis
385 3567 524 3626 sanguinem
541 3603 550 3628 ,
572 3573 646 3628 lonae
681 3588 747 3634 guae.
762 3571 817 3618 Vid.
831 3569 934 3618 Casaub.
945 3570 970 3616 in
984 3581 1038 3630 cap.
1055 3573 1091 3618 18.
1107 3572 1178 3629 Spar·

151 3631 217 3679 aliud
231 3630 256 3678 In
268 3631 349 3690 lingua
369 3643 510 3689 proruptum
530 3645 602 3691 quam
622 3633 647 3679 iu
684 3635 741 3682 ciani
755 3637 838 3682 sever.
853 3635 931 3682 Curru.

147 3691 231 3742 animo
250 3693 404 3742 reconditum
414 3707 519 3754 elegeos.
561 3695 649 3744 Habita
715 3699 858 3758 Hr'cprr'nram
867 3695 916 3756 fisci
927 3694 1077 3758 aduocatam]
1093 3699 1127 3744 Sic
1136 3691 1179 3743 η’·

149 3757 235 3813 ltaque
253 3758 284 3804 ad
309 3758 433 3806 exercitus
454 3759 585 3818 oratioue,
603 3760 648 3806 lla·
679 3759 752 3821 spicit
774 3763 875 3808 honoram
899 3758 970 3820 capr'ffe
989 3762 1113 3820 patrocinio
1129 3759 1180 3818 fisci

152 3819 198 3866 aitn
216 3817 317 3866 militum
327 3818 402 3868 Iatrsta
421 3822 600 3871 acclamatione
613 3821 648 3868 fa·
684 3825 745 3870 dlc'u
766 3822 853 3871 Vitior
878 3825 908 3870 de
935 3826 1027 3869 Severo
1052 3835 1105 3880 pag.
1126 3835 1170 3882 142

153 3880 209 3930 Rus
227 3881 259 3927 est
274 3881 415 3939 imperator.
435 3896 485 3942 quo
502 3883 589 3944 satio,
603 3884 649 3931 ssa·
685 3889 839 3934 Advocatum
858 3885 910 3934 urci
924 3887 1050 3943 ,eligebant
1072 3886 1182 3942 Impera·

154 3945 199 3994 rim
217 3943 244 3992 Iu
256 3943 349 3992 Italiam
367 3946 435 3994 duxit
450 3948 603 4002 exercitum,
620 3958 650 3995 ac
687 3961 753 3998 rores
769 3961 799 3996 ex
816 3961 923 4007 corporo
938 3950 1181 4007 advocatorum,qui

153 4009 260 4056 Romam
276 4018 381 4057 armatus
399 4011 497 4058 invadit
516 4010 650 4058 Praetoria·
687 4013 713 4061 in
732 4013 829 4060 divetis
848 4013 909 4062 foris
931 4011 1090 4069 postulabant.
1123 4009 1183 4060 Eius

150 4071 207 4136 uir,
221 4070 263 4133 qui
276 4069 428 4141 Pertinacem
441 4073 582 4130 occiderant
587 4106 596 4135 ,
606 4074 650 4125 do·
688 4089 775 4128 munus
790 4077 924 4138 praecipue
938 4073 1009 4188 luciis
1025 4073 1108 4136 banis,
1118 4085 1184 4184 {aaa

160 4175 164 4182 .
995 4145 1010 4182 c
1152 4151 1183 4190 co
