2875 4650
281 255 991 358 PRAEFATIO:

23 547 25 555 ,
119 463 276 578 (quia,
311 483 394 546 aaa
426 459 473 549 de
497 461 628 552 altero
651 467 791 552 orontio
807 466 886 576 fit,
914 466 1026 558 Pario
1043 479 1160 576 uoco-ij

23 586 24 593 ‘
120 578 225 686 tur)
248 591 322 690 per
341 599 407 660 nos
426 576 547 663 litera
571 575 612 661 P.
632 574 820 688 distantia.

22 781 23 786 a
174 693 240 778 De
265 688 536 800 Bafllaonstbos
566 688 614 776 B.
633 717 687 797 pr.
722 689 779 796 &
803 690 852 778 B:
868 691 950 780 Sec
980 698 1155 804 uocatis3

24 806 27 817 '
119 817 284 917 praeter
297 803 384 913 jam
401 797 531 906 oilla,
559 801 659 889 nihil
674 802 815 905 haheo,
842 807 943 918 quod
962 808 1112 895 addam.

26 931 30 937 ·
175 917 348 1027 Quintus
363 930 491 1001 autam
508 913 560 1022 est
576 917 692 1002 codex
710 918 1033 1021 membranaceos,
1044 946 1154 1033 qoem

108 1027 189 1140 sabi
203 1024 278 1139 suo
299 1051 392 1114 aare
418 1043 718 1140 comparaverat
745 1033 791 1117 V.
816 1033 873 1116 Cl.
891 1035 939 1118 P.
961 1036 1153 1119 Burman·

118 1144 275 1226 nusSac.
284 1138 483 1251 prioribus
490 1146 639 1229 minime
646 1139 824 1241 inferior.
836 1145 1153 1259 Praefigabatur.

150 1253 154 1263 '
229 1250 427 1338 francisco
446 1253 614 1364 Bongiae
631 1255 730 1338 Vim
757 1255 885 1358 claro,
912 1257 999 1340 sacri
1019 1258 1153 1344 aerarii

229 1361 429 1450 Praefeuo
444 1363 568 1454 &vu
596 1366 680 1452 viro
708 1367 891 1454 Camenae
904 1365 1152 1482 Apostolicae

23 1580 26 1584 Ι
231 1477 470 1586 Pomponius
496 1478 645 1563 Laeton

21 1616 30 1699 f
112 1587 269 1691 Adsero
298 1590 370 1674 tibi
397 1591 594 1677 Romanas
613 1587 799 1677 Historias
829 1617 1020 1680 annorum
1049 1593 1152 1686 mille

114 1706 166 1790 C.
194 1701 239 1786 &
266 1705 396 1813 paullo
428 1704 591 1812 amplius
625 1705 775 1812 (quam
809 1705 882 1792 scio
912 1709 1150 1816 summopere

24 1918 30 1928 ¹
112 1820 295 1928 placere)
330 1816 374 1898 iu
401 1813 673 1926 compendium
692 1813 860 1900 redactas
882 1819 931 1902 ab
952 1817 1059 1904 Rufo
1077 1817 1150 1903 Fe.

23 2037 27 2043 .
111 1926 176 2015 sto
203 1930 311 2013 aliter
338 1946 494 2036 propter
524 1953 685 2040 maguae
711 1932 1016 2038 occupationes„
1056 1955 1151 2038 quaa

111 2041 159 2126 in
179 2039 290 2126 rebus
306 2039 466 2152 publicis
481 2035 634 2130 adfidue
650 2039 789 2146 habeo,
811 2043 937 2155 legere
958 2067 1038 2127 non
1060 2067 1175 2156 posf·
1261 2133 1266 2140 ,

21 2190 27 2202 ,
108 2155 194 2258 sea,
232 2151 319 2266 post
350 2154 480 2280 paullo
499 2150 639 2238 addam
670 2153 745 2263 ipse
771 2180 889 2281 usque
908 2152 957 2239 ad
974 2156 1149 2246 occasum

20 2270 23 2276 ’
110 2267 288 2377 imperii,
325 2291 419 2378 qum
442 2291 467 2350 a
491 2265 671 2351 militibus
699 2271 860 2354 avaricia
884 2268 1063 2379 principia
1088 2264 1149 2351 di·
1316 2319 1318 2327 ι

20 2385 21 2430 ³
110 2382 299 2467 laceratae
332 2380 551 2492 provinciae
588 2376 831 2489 direptaeque
868 2380 1034 2466 fuerunt.
1100 2374 1147 2471 id

108 2496 376 2604 qualecunque
402 2490 515 2579 suerit
544 2518 628 2575 non
660 2492 853 2603 ingratum
884 2491 1034 2579 lecturis
1062 2490 1149 2577 fore

20 2606 28 2616 '
107 2604 303 2691 existimo.
356 2606 408 2691 Et
426 2630 509 2690 non
527 2602 619 2689 mihi
636 2602 696 2687 sed
715 2604 808 2707 tibi,
835 2614 940 2713 cujus
956 2600 1076 2691 cauffa
1097 2598 1147 2689 ad

21 2723 24 2731 '
105 2716 260 2802 exitum
278 2715 386 2803 labor
403 2716 617 2826 pervenerit
633 2714 771 2801 debere
788 2719 845 2822 se,
873 2722 938 2825 qui
958 2720 1147 2831 legerint,

20 2926 21 2933 Ν
105 2826 343 2916 fatebuntur.
402 2831 546 2941 Inspice
573 2828 647 2915 hoc
675 2832 819 2915 interea
850 2856 996 2915 memor
1023 2830 1147 2915 litera·

20 2991 22 3026 ÷
104 2968 223 3047 rum,
250 2940 451 3054 felicesque
481 2941 549 3027 tibi
573 2940 690 3051 (quia
721 2940 904 3051 mereris)
932 2965 1146 3050 prorogen-

20 3082 23 3087 ·
101 3072 174 3142 tur
210 3055 313 3141 anni.
382 3054 473 3164 Post
501 3054 645 3165 Festum
675 3054 883 3141 abeodem
910 3080 1028 3143 mano*
1041 3054 1146 3163 scri·

20 3179 21 3182 ‘
100 3184 218 3281 ptum
235 3166 333 3254 illud
344 3165 560 3281 promssuan
570 3182 662 3276 opos
679 3168 808 3252 altaro
828 3166 939 3277 duplo
953 3164 1143 3275 majossa·

99 3283 303 3397 qoebatur
330 3281 413 3365 oum
442 3279 515 3365 hac
538 3278 782 3392 inscriptione
810 3277 943 3364 Brevia
961 3278 1145 3363 Narratio

98 3392 160 3480 de
180 3389 346 3477 Historia
369 3394 573 3496 Romana,
595 3390 773 3479 abobitu
792 3391 947 3507 Joviani
966 3384 1144 3501 usquead
1277 3434 1282 3439 ·

94 3506 301 3595 interitum
338 3505 630 3591 Heracliorum:
675 3502 726 3590 ad
764 3505 998 3591 Francistum
1043 3504 1144 3593 Bor.-

97 3620 223 3734 giam
286 3620 403 3704 Hunc
433 3634 561 3705 autem
588 3632 636 3703 ut
663 3619 716 3705 ab
749 3633 911 3732 utroque
941 3614 1146 3731 Bastleeoqi
1212 3698 1214 3703 .

93 3729 396 3843 distinguatur,
424 3731 554 3815 Borm.
576 3730 705 3841 adpall
723 3794 732 3813 .
1178 3816 1188 3825 ,

162 3846 252 3930 Has
271 3869 367 3930 uero
382 3841 636 3957 discrepantes
658 3839 860 3946 LeIIioaes¹
874 3842 1070 3954 diligentes
1078 3864 1143 3949 no·

87 3959 156 4053 tis
181 3954 351 4071 iaaserui,
373 3963 494 4048 etiam
509 3960 751 4155 miootgons,
780 3952 1002 4072 quaesaape
1020 3982 1143 4159 m

667 4094 778 4179 ee4
1050 4098 1076 4160 o
