2875 4650
303 342 415 416 xtvt
556 297 1125 414 PRAEFATid

304 487 399 581 dicti
417 501 550 598 erant,
579 495 637 598 jus
660 486 858 600 pristinum
884 491 944 576 his
970 491 1118 606 legibus
1137 475 1338 581 ademtut'fl
1420 512 1421 517 ‘

302 631 389 694 non
406 599 490 694 elie.
545 603 660 712 Quae
676 605 775 691 ratio
790 603 1111 693 Drakenborcirio
1124 607 1337 715 probabitis

303 743 388 806 non
413 712 591 822 ridetur,
618 717 801 824 putanti,
827 717 927 804 hanc
950 721 1077 832 legem·
1098 723 1225 828 primo
1248 723 1335 830 qui·-

304 831 395 918 dem
425 831 540 916 etiam
563 827 782 916 Dieiatores
804 829 1149 940 comprehendisse,
1178 831 1240 917 ed
1262 834 1334 917 Pa·-

302 940 519 1054 Jtricios,ex
537 963 698 1052 quorum
716 940 840 1029 adhuc
858 944 939 1029 solo
955 967 1117 1059 corpore
1136 962 1216 1028 turn
1236 965 1334 1032 tenta

303 1057 434 1174 porie,
462 1080 579 1164 quum
609 1057 671 1139 lea
695 1057 826 1140 Duilia
854 1060 928 1142 lata
957 1053 1053 1162 fuit,
1082 1057 1336 1162 creabantur,
1423 1078 1424 1087 ³

302 1195 400 1282 mort
420 1171 455 1251 ie
476 1195 545 1252 em
562 1169 680 1252 tacito
697 1170 874 1274 consensu
893 1157 1109 1282 abrogaffe,
1130 1165 1334 1254 Patricium

305 1309 378 1392 que
402 1195 619 1367 Diibtores
645 1287 703 1388 juo
728 1275 809 1384 stne
834 1281 1112 1388 provocatione·
1134 1278 1331 1387 judicandi
1425 1322 1426 1397 p

302 1393 371 1484 fibi
388 1395 525 1479 iterum
544 1388 754 1477 vindicabo.
810 1381 960 1507 Verum
978 1387 1004 1477 [i
1022 1392 1072 1476 ad
1090 1396 1255 1503 priorem
1273 1397 1329 1494 le'·
1425 1400 1426 1409 '

304 1535 395 1626 gem
414 1506 649 1616 respiciamus
669 1525 759 1590 ante
776 1500 1016 1591 minanam
1034 1507 1254 1610 inuentam,-
1278 1528 1329 1591 ea
1426 1522 1427 1577 i

302 1621 663 1734 provocationema
687 1617 912 1702 Consulibus
932 1615 1061 1704 datam
1081 1615 1185 1704 fuiffe
1206 1621 1327 1727 iique-

303 1733 392 1820 bit:
430 1727 468 1815 fit
486 1727 535 1818 ad
562 1733 742 1833 alteram,
769 1751 881 1839 quam
911 1731 1121 1836 Vaieriua,
1147 1731 1190 1815 δι
1229 1732 1332 1816 Dur-
1427 1722 1428 1755 ³

306 1851 379 1932 lius
400 1847 593 1949 tulerunt,
620 1867 704 1928 eam
730 1841 964 1952 potiffimum
984 1845 1233 1928 Decemviros
1251 1843 1329 1951 spe·-

304 1949 538 2049 ttaffetiur
558 1959 663 2041 lotus
680 1951 903 2061 declarabit,
931 1956 1066 2042 Aliam
1088 1956 1218 2046 deinde
1244 1977 1329 2041 con·

224 2085 232 2110 “
296 2073 471 2186 solarem
500 2070 614 2180 legem
645 2067 690 2152 de
718 2073 1013 2180 prouocatione,
1043 2073 1189 2152 unicum
1212 2083 1330 2180 prur-

296 2185 438 2302 stdium
461 2179 690 2280 libertatis,
719 2179 981 2273 Decemvirali
1005 2177 1190 2292 potestate
1217 2193 1331 2266 ever*-

296 2293 410 2412 sam,
439 2317 513 2379 non
530 2289 739 2403 restituunt
766 2290 983 2488 m⁰d⁰³1sed
1006 2295 1124 2378 etiam
1152 2296 1194 2376 in
1214 2289 1331 2405 postea

306 2434 394 2497 rum
411 2412 594 2493 muniunt.
652 2406 738 2491 Hos
762 2407 864 2490 enim
903 2429 967 2489 roe
995 2407 1269 2512 provocatione
1288 2429 1330 2487 ea

307 2522 399 2607 tiam
428 2536 574 2626 creatos
598 2508 703 2602 fuiffe
735 2546 784 2601 ex
813 2516 979 2623 eiusdem
1004 2517 1088 2599 nori
1125 2544 1246 2627 c.·13.
1284 2518 1330 2599 li-

308 2652 413 2749 quet.
475 2632 688 2741 ¹Placuerat
715 2635 819 2726 enim,
834 2637 968 2715 creari
988 2632 1233 2715 Decemviros
1250 2628 1336 2737 fine

275 2801 280 2809 ·
302 2740 666 2872 promuntunum&⁹
680 2770 724 2827 ne
743 2748 826 2857 quis
843 2744 944 2827 alius
960 2741 1209 2853 magistratus
1227 2738 1331 2847 effeta

308 2856 413 2973 quod
443 2856 574 2941 summi
603 2874 681 2940 erat
709 2855 877 2963 imperii:
907 2854 1030 2957 unde,
1061 2851 1168 2938 simul
1196 2850 1332 2939 Dicta

308 2986 371 3057 tor
395 2968 519 3051 dicius
543 2958 653 3070 effet,
682 2994 818 3051 omues
843 2966 1104 3077 magistratus,
1131 2968 1331 3075 exceptis,

304 3106 424 3199 ‘quum
442 3078 479 3164 hi
499 3081 615 3167 creari
633 3080 853 3191 coeperint,
879 3075 1066 3168 Tribunis
1083 3080 1228 3189 plebis,
1255 3071 1331 3162 effe

307 3190 537 3309 desinebant
580 3192 728 3277 Verum
746 3188 773 3276 fi
793 3188 998 3277 Historiam
1020 3192 1238 3296 Romanam
1260 3187 1331 3275 ad«

306 3312 449 3396 'tentius
468 3302 823 3416 evolvamus,.freri
844 3332 926 3391 non
945 3300 1125 3415 potuiffe,
1156 3324 1240 3387 uta
1261 3304 1334 3386 Di·

309 3422 456 3511 'ciatore
474 3420 699 3529 provocatio
718 3416 891 3522 daretur,
908 3444 952 3504 ac
969 3419 1082 3503 solam
1102 3414 1207 3501 iuiffe
1225 3440 1335 3502 caum

306 3538 384 3623 sam
420 3534 731 3641 comperiemus,
767 3556 835 3618 cur
865 3532 977 3617 toties
1009 3527 1058 3614 ad
1089 3529 1334 3615 Dieiatorem

310 3644 626 3761 consugiendum'
641 3642 777 3753 fuerit,
806 3643 910 3755 quod
940 3642 1164 3753 provocatio
1191 3640 1242 3726 ab
1262 3642 1335 3727 illo

263 3762 267 3769 ’
310 3788 396 3849 non
414 3758 588 3865 daretur,
601 3754 659 3841 ἃ
677 3756 829 3871 quidem
851 3751 1139 3859 aConsulibut,
1167 3776 1336 3867 quorum

310 3878 472 3987 irnperio
495 3872 609 3957 nimie
637 3870 707 3961 hac
730 3874 818 3987 iege
845 3872 1037 3955 inminuto
1056 3868 1163 3979 plebs
1183 3870 1336 3963 obtem·

309 4014 443 4101 perere
462 3980 604 4099 saepius
621 3982 868 4096 detrectavit,
895 3980 1052 4096 quode
1079 3982 1167 4073 mr.
1194 3981 1336 4068 1011,

546 4174 548 4177 ,
1211 4120 1247 4183 c.
1267 4110 1337 4199 27.
