2875 4650
369 237 934 330 PRAEFATIO.
1039 265 1164 337 xxm

110 418 148 520 ᾗ,
176 407 355 498 Gentilir
374 431 492 516 usque
516 403 568 492 ad
590 406 754 517 obituro'
768 406 966 522 Joviuiaoi
993 410 1162 522 lupen.

113 581 153 632 ,‚
182 522 282 608 toris
299 520 357 608 cui
380 522 506 630 aliqua
520 519 668 606 -Paulus
695 518 976 634 Aquilegieosru
1000 527 1161 640 Dyuco-

120 697 158 744 „
188 662 259 718 nur
281 630 432 718 addidit
456 652 600 746 rogatu
628 631 896 746 Adeiberghae
913 635 1159 726 Beneventa-

121 805 154 854 ,‚
181 773 251 832 uae
271 745 483 832 Dudricis.
541 743 827 836 Deindeidem
860 747 1001 835 Paulus
1027 777 1080 836 ex
1097 749 1158 838 di·

118 917 151 964 „
177 855 533 984 veriirdotioribua
546 861 738 972 colligens
751 861 1066 986 aVaiieotioitoi
1084 864 1156 950 im·

109 1029 146 1190 3:
172 999 444 1210 uerrere
459 969 1157 1214 uutrrrrdirrurrru

113 1255 149 1302 „
173 1194 334 1284 drverfis
367 1199 566 1284 autorrbua
590 1225 799 1307 excerpens
834 1196 960 1286 eidem
977 1197 1154 1290 historiae

111 1367 147 1418 „
173 1337 331 1420 quoque
356 1308 612 1419 superaddidit
643 1309 693 1396 dc
716 1311 890 1397 dilatavit
917 1337 1005 1398 ea·
1033 1340 1154 1426 utque
1299 1404 1302 1415 ,

113 1481 148 1528 ,,
178 1423 228 1506 ad
248 1425 455 1530 imperium
479 1422 645 1530 Leonis3
672 1423 778 1532 quod
804 1421 860 1508 est
883 1417 1008 1510 auarus
1026 1425 1154 1514 dorni-

111 1591 146 1640 „
176 1537 289 1622 nicae
318 1537 596 1622 incarnationis
620 1533 957 1648 obtingentefiruue
975 1537 1154 1626 sextuu”

177 1651 346 1736 Tertius
370 1651 438 1758 qui
466 1651 579 1732 nobis
606 1646 742 1732 dicitur
770 1647 901 1734 itidem
931 1649 1153 1740 chartaceo·

114 1759 163 1844 de
181 1782 371 1868 quartana
387 1760 513 1845 forma
531 1761 631 1846 hunc
651 1759 813 1868 praefert
829 1763 1003 1850 titulum:
1032 1823 1063 1867 „
1074 1764 1153 1850 Eu·
1175 1865 1181 1876 .

115 1927 154 1977 ‚,
184 1875 304 1980 tropii
329 1873 378 1956 de
396 1875 584 1986 Origine,
609 1870 657 1956 de
685 1873 881 1986 Regibus,
907 1871 957 1958 de
977 1877 1152 1963 Consuli-

120 2041 156 2088 ‚‚
188 1985 293 2085 bus,
339 1985 617 2086 senatoribus,
647 1981 694 2068 ur
726 1986 1020 2092 imperatoribus
1051 1987 1154 2074 urbi«

116 2155 153 2202 ‚,
184 2099 345 2182 Romae
377 2097 492 2182 Liber
519 2125 553 2207 p.
576 2095 698 2182 iuci.'’
735 2099 813 2185 Hic
833 2097 1000 2184 melioria
1020 2119 1154 2204 notae,

114 2236 235 2319 quaro
262 2210 472 2306 Secundus,
503 2213 692 2294 acaunus
713 2211 987 2320 interpolatus,
1015 2239 1152 2325 quaru-

115 2350 234 2432 quarn
255 2326 373 2407 etiarn
397 2352 419 2407 a
441 2324 552 2429 Jarro
572 2321 644 2406 &e
670 2324 815 2432 incipit.
1085 2392 1088 2398 ,

177 2440 367 2548 Quartus
386 2442 449 2543 qui
470 2436 583 2520 nobis
602 2427 783 2536 vocatur,
811 2437 948 2546 partim
970 2436 1010 2521 io
1030 2457 1154 2521 mem·
1245 2483 1249 2493 ·

115 2546 261 2651 brana,
289 2552 334 2632 in
363 2550 494 2635 charta
526 2548 661 2655 partior
694 2550 850 2659 striptue
876 2550 1056 2636 odavrrm
1085 2548 1153 2633 ha·
1207 2580 1212 2590 ’

116 2660 186 2745 bet
202 2657 368 2746 formam
389 2661 492 2745 hooc
509 2658 726 2768 praeferetis
742 2662 895 2749 titulum
920 2718 954 2763 ‚,
971 2660 1150 2767 Eutropii

119 2832 157 2877 ‚,
182 2774 268 2855 Viri
287 2772 488 2861 Clarissirni
516 2770 764 2859 Historiarum
780 2770 835 2859 de
853 2770 1152 2883 praeclariffiroio

118 2942 155 2988 „
186 2886 450 2973 Rornanorum
480 2882 653 2997 gestis;''
691 2887 831 3001 incipit
853 2912 945 2973 vero
974 2882 1152 2969 itidem:

126 2998 236 3104 Jarr
251 2996 326 3085 dre
368 3004 412 3084 io
431 2998 585 3109 reliquia
604 3018 730 3085 auteur
751 2998 854 3083 libris
872 2997 1151 3103 minuo‚quaru

118 3109 288 3221 priores,
314 3110 461 3197 aniius.
523 3114 678 3221 Septem
705 3136 798 3199 vero
825 3110 1000 3219 Eutropii
1029 3110 1151 3193 libros

118 3244 269 3310 tanturn
296 3226 497 3338 agnoscit,
526 3248 687 3331 quorum
715 3222 785 3309 fioi
804 3223 898 3309 haec
917 3222 1001 3307 suot
1020 3220 1153 3306 adscri-

118 3355 204 3446 pta:
229 3397 259 3442 ,‚
287 3338 468 3447 Eutropii
489 3335 575 3421 Viri
603 3334 804 3423 Clarissimi
828 3334 1079 3422 Historiarum
1097 3331 1150 3419 de

117 3504 148 3553 ‚‚
174 3448 754 3560 praeclarifflmiuRomauorum
771 3446 917 3563 gestia.
946 3510 958 3533 .
984 3510 997 3532 .
1026 3443 1149 3531 idern·

118 3620 146 3668 „
171 3586 244 3673 que
264 3566 428 3651 ultimus
454 3590 541 3650 eum
561 3564 638 3649 Dei
664 3560 778 3650 laude
795 3558 954 3648 feliciter
972 3560 1144 3667 explicit.

117 3733 145 3783 „
170 3678 355 3789 inceptus
373 3700 497 3763 xxrr.
514 3674 610 3784 Maii
627 3681 803 3786 expletur
823 3674 896 3761 fuit
913 3672 977 3758 die
995 3674 1148 3778 ultimo,

117 3848 143 3899 ‚‚
165 3792 337 3901 ejusdem
366 3786 512 3875 menfis
532 3791 579 3875 iu
598 3787 886 3897 praeclarissrora
907 3787 1000 3873 urbe
1018 3784 1149 3871 Verre·

24 3948 27 3959 ‚
111 3964 143 4018 ,‚
165 3904 368 4009 aarum&
435 3902 542 3992 Hinc
576 3902 740 4011 sequitur
774 3901 917 3989 Rutus
950 3899 1148 3999 fustus,

623 4018 733 4129 rra
1025 4032 1154 4174 uem
