2875 4650
497 309 1118 391 DEDICATIONES

291 471 355 571 (ut
369 467 415 544 lic
431 465 574 566 dicam)
602 465 809 556 inferferat,
833 488 924 562 quae
942 463 1004 562 ipsr
1023 465 1231 559 placebant,
1256 463 1321 538 dn·

288 573 349 668 plo
364 571 461 668 plura
503 593 580 641 nam
599 565 791 662 Eutropius
811 564 1115 662 scripseratzquod
1128 563 1235 636 initio
1252 563 1320 636 sta-

291 671 355 743 tim
382 667 461 742 libri
478 593 589 740 iacile
606 661 718 738 videri
744 661 877 757 potest,
903 664 964 760 qui
984 664 1127 759 vulgata
1145 660 1323 760 inspicere

289 767 391 866 volet
420 761 646 861 exemplaria.
708 761 873 841 Tandem
905 763 1007 836 bonis
1035 761 1160 836 avibus
1185 760 1326 855 prodiit

289 863 445 960 optimus
469 861 605 936 illevit
628 861 806 936 Antonius
826 859 1060 934 Schonhofius
1072 911 1087 952 ,
1117 859 1177 955 qui
1206 858 1324 952 ipsum

289 965 479 1038 authorem
498 960 624 1049 nobis,
648 963 745 1033 velut
762 962 806 1034 ab
823 958 948 1035 inferis
964 977 1121 1044 erutum,
1146 957 1323 1044 nitidum,
1400 969 1407 980 ·

290 1063 407 1136 aesna
426 1055 523 1134 veste
545 1059 705 1132 indutum
721 1058 912 1145 exhibuit,
938 1055 1088 1132 abstersa
1105 1055 1167 1128 illa
1186 1053 1326 1147 hispida

290 1160 471 1234 barbariae
489 1157 600 1255 pelle,
626 1181 694 1248 qua
715 1160 759 1232 ab
788 1157 913 1232 eodem
935 1158 1043 1230 Paulo
1068 1155 1160 1228 male
1173 1150 1324 1227 amidhrs

289 1277 378 1333 erat.
430 1257 512 1357 Quo
528 1259 588 1352 pio
610 1253 729 1330 officio
750 1255 886 1328 omneis
906 1253 1031 1328 dodino
1053 1253 1117 1329 srbi
1134 1251 1321 1340 devinxit,

289 1355 481 1452 effecitque
497 1375 535 1428 ut
556 1377 661 1429 nemo
684 1351 914 1429 studiosorum
934 1375 1006 1427 non
1029 1351 1183 1428 fateatur
1208 1353 1244 1426 se
1267 1350 1323 1424 illi

290 1455 481 1550 plurimum
504 1453 661 1528 debere:
697 1476 739 1525 ea
764 1451 978 1548 potiffimum
1001 1451 1047 1525 de
1063 1453 1190 1538 causa,
1224 1448 1324 1546 quod

287 1554 420 1626 nullum
438 1551 621 1626 authorem
641 1552 806 1626 Latinum
824 1551 1012 1639 habemus,
1037 1550 1097 1645 qui
1112 1569 1184 1621 tam
1200 1547 1322 1620 brevi·

288 1667 348 1724 ter
376 1673 519 1724 omnem
543 1651 741 1723 Romanam
765 1647 944 1722 historiam
966 1649 1069 1722 nobis
1091 1645 1318 1732 exhibuerit,

284 1769 393 1846 atque
414 1749 472 1826 hic
488 1749 695 1842 Eutropius:
722 1745 783 1820 nili
807 1747 948 1822 Florum
970 1765 1224 1820 racematorem
1238 1744 1318 1839 quis

285 1847 455 1944 objiciat,
482 1869 552 1920 non
575 1848 649 1942 ejus
673 1849 813 1943 generis
828 1849 910 1920 sane
931 1844 1057 1918 forma.
1107 1846 1212 1920 Haec
1233 1865 1315 1915 curn

285 1947 336 2022 ita
362 1945 459 2037 srnt,
492 1967 561 2044 ego
582 1949 788 2042 neutiquam
808 1945 950 2018 Paulum
972 1943 1070 2018 illum
1093 1966 1221 2040 agens,
1253 1959 1317 2014 aut

285 2045 390 2118 alium
407 2045 607 2140 quempiam
639 2042 816 2117 sutorem:
850 2065 888 2116 ut
909 2042 1084 2137 copiosior
1106 2041 1164 2114 hic
1186 2039 1317 2114 author

276 2142 321 2214 in
348 2143 530 2214 hominum
559 2165 680 2214 manus
700 2141 886 2234 prodiret,
919 2141 1054 2236 majore
1080 2141 1188 2212 etiam
1208 2161 1316 2232 quam

283 2237 455 2312 hallenus
479 2237 649 2312 latiorum
672 2241 847 2329 utilitate,
873 2261 969 2314 meas
994 2237 1145 2312 seorsum
1169 2235 1317 2333 adjunxi

283 2336 567 2426 Annorariones,
595 2340 656 2411 vix
673 2336 897 2413 aestimandis
917 2356 1033 2433 partas
1048 2338 1244 2411 laboribus:
1271 2359 1315 2411 ea

281 2433 443 2508 hercules
459 2436 538 2530 spe,
562 2437 656 2530 quod
671 2454 794 2511 natura
805 2438 856 2511 ita
871 2456 1113 2534 comparatum
1132 2436 1313 2527 videmus,

282 2537 464 2629 perceptis
490 2534 604 2631 aliqua
639 2532 676 2607 in
705 2558 771 2625 re,
810 2559 853 2609 ac
884 2535 1076 2634 degustatis
1105 2534 1311 2632 principiis,

280 2632 398 2727 gliscit
421 2632 556 2705 animus
579 2634 714 2729 majora
738 2635 928 2730 percipere.
978 2634 1122 2707 Etcum
1143 2655 1187 2706 ex
1207 2634 1312 2729 hujus

280 2730 438 2803 authoris
461 2729 639 2803 brevitate
660 2730 697 2803 id
717 2732 897 2805 commodi
923 2728 974 2805 est
998 2734 1182 2806 Romanae
1204 2731 1312 2804 histo·

276 2830 350 2899 riae
376 2829 543 2915 novitiis,
583 2828 679 2925 quod
703 2827 915 2924 srmplicibus
940 2829 1034 2902 hisce
1063 2828 1310 2924 apprehensrs,

276 2922 391 2997 facilis
412 2920 451 2997 lit
471 2924 602 2999 deinde
618 2926 676 2999 vel
697 2926 742 3001 ad
766 2929 931 3022 Livium,
955 2929 1014 3001 vel
1033 2927 1078 3001 ad
1095 2930 1256 3024 quemvis
1270 2954 1308 3003 a·

277 3020 366 3095 lium
388 3024 573 3097 Romanae
596 3022 758 3099 historiae
784 3026 966 3101 authorem
993 3027 1135 3124 legendi
1158 3025 1312 3101 facultas

276 3122 440 3215 (tantum
466 3121 553 3194 boni
579 3120 685 3195 habet
711 3123 854 3219 simplex
871 3125 987 3198 omnis
1010 3124 1182 3223 traditio)
1206 3127 1310 3223 cogi·

273 3220 350 3291 tavi
373 3218 641 3293 succurrendum
664 3220 735 3295 elle
757 3222 927 3296 desiderio
950 3224 1200 3317 plurimorum,
1226 3247 1310 3319 par-

276 3318 341 3389 tim
356 3316 600 3419 quibusdeest
622 3318 788 3393 codicum
814 3323 985 3395 bonorum
1008 3324 1142 3419 copia,
1173 3322 1308 3414 partim

277 3436 365 3511 quos
391 3418 562 3512 temporis
579 3416 736 3513 angustia
760 3440 829 3492 non
852 3420 984 3515 patitur
999 3442 1063 3515 per
1080 3420 1239 3511 omneis,
1264 3442 1311 3495 ut

273 3536 362 3604 opus
388 3513 493 3603 esset,
526 3515 689 3588 authores
715 3518 878 3591 volitare.
938 3518 1066 3592 Curavi
1091 3519 1229 3615 igitur,
1264 3539 1309 3596 ut

272 3609 356 3683 huic
371 3612 533 3707 Eutropii
550 3614 738 3705 Epirumae
753 3614 959 3707 adderetur,
983 3618 1150 3712 quicquid
1167 3640 1306 3690 memo-

271 3710 353 3781 ratu
383 3710 528 3807 dignum
558 3708 673 3798 effer,
709 3714 803 3811 quod
833 3738 942 3810 penes
963 3714 1118 3810 optimos
1144 3738 1306 3813 quosque

272 3804 455 3880 Romanos
472 3808 527 3881 vel
547 3810 768 3902 reperillem,
795 3815 854 3886 vel
871 3812 1077 3887 invenillem
1103 3814 1303 3888 historicos.

271 3903 351 3977 Hos
366 3906 432 3979 tibi
449 3909 584 3979 labores
602 3908 736 3983 nostrus
753 3912 981 4011 integerrime
995 3913 1132 3986 Praesul
1148 3936 1190 3985 ac
1205 3914 1303 4010 Cug-

270 4020 354 4081 nate
380 4006 543 4083 dedicare
556 4006 710 4102 placuit,
739 4028 777 4087 ut
797 4031 1008 4089 renovarent
1029 4032 1237 4183 germanam}
1258 4012 1305 4085 il·

388 4144 391 4153 ·
538 4156 540 4161 ψ
1239 4131 1300 4187 ant
