2875 4650
112 342 116 356 .
266 295 322 373 ‘tn
469 269 1090 364 DEDICATIO.

270 469 415 572 lucem
450 468 644 570 emittat:
697 463 760 565 lta
792 467 915 564 enim·
952 465 1149 566 hodierni
1191 463 1302 569 mul·

272 643 421 716 torum
456 639 602 712 mores
634 599 754 728 iimt,
791 641 839 708 ut
870 603 946 742 ipsr
976 605 1080 713 nihil
1103 645 1301 750 agentes,

213 831 215 838 ·
273 807 364 904 quo
394 768 606 897 majorem
631 763 748 860 snam
777 763 1068 863 eruditionem
1091 773 1302 900 probent,

272 955 371 1022 tuto
391 921 523 1018 aliena
547 947 748 1054 carpant,
778 915 1034 1050 explodam,
1056 922 1104 1022 dt
1128 956 1305 1057 propter

271 1114 406 1215 pauca
438 1077 808 1212 reprehendenda,
835 1107 978 1176 cetera
1004 1083 1154 1178 omnia
1184 1083 1306 1181 dam·

273 1263 378 1336 nent
421 1235 470 1334 dr
503 1263 810 1333 contemnant:
850 1267 1011 1372 quum,
1049 1243 1110 1334 uti
1148 1236 1304 1334 huma-

273 1433 329 1498 na
372 1393 619 1494 inbecillitas
661 1389 757 1535 est?
806 1395 1003 1529 inprimis
1046 1393 1089 1492 in
1129 1397 1306 1526 juveni·

273 1552 354 1652 bus
391 1548 439 1648 δι
480 1548 523 1644 in
562 1583 608 1642 re
644 1543 853 1646 Literaria
895 1549 1023 1646 novis
1051 1547 1305 1650 hominibus

274 1703 352 1801 vix
390 1693 484 1796 fieri
523 1697 685 1832 polilt,
730 1701 835 1834 quin
871 1701 915 1798 in
949 1733 1018 1798 res
1054 1700 1307 1836 inpingent‚

276 1888 381 1990 quas
405 1854 614 1948 maturior
640 1877 755 1946 aetas
787 1851 837 1950 ἃ
868 1853 1008 1983 major
1037 1887 1182 1950 rernm
1208 1854 1307 1955 usus

174 2064 181 2077 =
276 2004 453 2129 videtit3
490 2002 715 2106 neminem
749 2033 928 2118 tamen,
965 2007 1040 2137 qui
1073 2005 1305 2108 hominem

276 2159 319 2259 se
344 2157 392 2255 dl
413 2153 610 2251 humanis
632 2153 849 2249 erroribus
868 2153 1113 2253 obnoxium
1139 2159 1306 2292 adgno-

277 2314 376 2431 scit,
395 2311 512 2449 quod
528 2315 779 2445 graviorem
801 2313 1114 2415 nonnullorum
1128 2320 1309 2419 malese-

277 2464 1311 2589 tiatornmanimadverfionemextimescat,hac

277 2624 356 2723 fati
393 2620 543 2744 iniuria
571 2620 681 2717 adeo
709 2619 913 2721 deterreri
943 2623 1102 2723 debere
1122 2628 1309 2758 judic0‚

279 2802 329 2870 ut
362 2766 545 2867 desidiae
565 2756 729 2869 notam
750 2768 827 2869 fibi
856 2771 974 2870 malit
1004 2778 1139 2895 inuri,
1175 2817 1308 2917 quam
1390 2800 1394 2807 “

279 2924 521 3063 periculum
533 2924 994 3058 crrjusdamindustriae
1008 2928 1171 3033 faciens
1189 2938 1310 3038 Cen·

280 3078 438 3179 soriam
468 3076 619 3179 subite.
682 3078 915 3216 Propterea
938 3084 1056 3218 quod
1083 3124 1309 3227 nunquam

280 3232 431 3337 destant
464 3236 560 3337 Viti
592 3234 881 3359 cordatiores,
916 3242 990 3374 qui
1023 3240 1104 3375 ipsi
1132 3247 1310 3379 Sapien-

280 3394 367 3493 tiae
394 3392 601 3497 antistites
631 3394 680 3501 &
708 3431 837 3497 verae
869 3397 1089 3501 doctrinae
1121 3404 1311 3506 cultores

157 3568 160 3575 '
280 3556 572 3659 Eruditorum
611 3592 703 3657 non
741 3588 913 3663 tantum
950 3564 1114 3683 meritis
1144 3562 1312 3698 justum

282 3711 473 3842 pretium
506 3706 691 3811 statuere
715 3743 901 3835 norunt,
936 3712 1007 3818 sed
1032 3717 1082 3820 dt
1109 3721 1154 3819 in
1189 3721 1314 3854 spem

283 3856 456 4011 futurae
499 3862 752 3976 eruditionis
803 3858 1089 3977 crescentium
1127 3898 1313 3977 conatus

1045 4060 1052 4071 '
1233 4054 1312 4129 ex·
