2875 4650
268 303 1007 442 nr'PREAF'ATlONBSi

114 464 166 544 cll
181 466 369 563 pertimeo
381 485 492 542 vocet
511 469 563 551 ele
578 469 721 554 iaerwsslt·
733 469 881 558 'empulo
897 475 1030 560 Ῥωμαῖε]
1045 469 1149 547 imre&

115 565 228 660 uiniae
245 569 335 639 roo
350 565 399 639 eli
414 581 557 656 Ρωμαῖοι.
584 559 827 658 translationem
842 569 1011 664 Epitomes
1025 571 1146 644 Eutro-

118 671 172 762 pil
181 717 194 753 ,
217 671 268 758 qui
278 667 399 740 latine
413 669 448 738 irr
464 667 681 761 compendium
694 667 854 760 redegerit
870 669 1005 740 Liuium
1019 667 1144 744 Romu·

121 785 185 836 rtur
198 761 346 862 lisloriur
366 767 581 838 conditorem:
608 781 726 838 tamen
745 763 876 837 dudunt
895 764 1046 841 suboluit
1065 789 1145 842 eru·

122 863 218 948 ditis,
241 863 417 940 memoria
434 859 560 937 falsum
580 859 648 939 ell'e
664 859 962 956 diligentiffimum
978 863 1143 956 Saldam,

119 957 155 1032 dc
189 959 256 1034 uod
274 963 321 1035 L.
340 963 493 1038 Annaeo
508 961 615 1034 Floro
628 960 891 1034 attribuendum
909 982 1006 1054 erat,
1024 961 1147 1038 nostro

115 983 231 1168 fotian·
242 1059 425 1156 Eutropio
438 1054 660 1156 adjudicall'e.
688 1057 898 1160 Quanquam
915 1060 1009 1133 enim
1025 1083 1068 1134 ex
1083 1061 1146 1136 Li·

111 1155 565 1257 vioalitaqueltaullt‚quae
579 1157 613 1232 in
630 1158 727 1231 suum
736 1157 955 1232 Breuiatium
971 1157 1145 1234 tranffcri·
1269 1203 1273 1217 ·

111 1256 230 1344 beret,
246 1258 462 1351 Eutropius:
487 1276 606 1332 tamen
622 1273 756 1329 tanturn
771 1253 888 1343 abesl,
902 1277 940 1328 ut
955 1257 1010 1329 vel
1027 1255 1145 1349 Liuii,

110 1355 169 1427 vel
187 1355 270 1428 ullus
289 1357 462 1448 operibus
482 1357 608 1430 damna
625 1354 723 1428 illum
745 1351 895 1428 attulille
915 1353 1080 1444 credam,
1103 1369 1145 1431 ut

111 1454 227 1546 potius
239 1451 362 1528 lacem
379 1453 423 1527 iis
437 1445 700 1548 praecalida&
711 1454 825 1526 lucem
838 1475 911 1526 non
926 1453 1145 1531 mediocrem

110 1549 448 1638 foeneraffe‚fitmia
463 1552 551 1626 milri
563 1552 779 1648 argumentis
791 1551 1029 1644 persuadeam·
1057 1551 1144 1628 Nec

111 1649 193 1722 olim
212 1667 288 1720 tam
308 1650 453 1746 ingrata
474 1649 541 1724 luit
561 1649 769 1744 posteritas,
802 1671 891 1744 quae
910 1651 1073 1745 proxime
1091 1651 1144 1724 se·

110 1765 190 1822 cuta
204 1746 256 1820 ell
270 1748 530 1842 Eutropiauurn
545 1771 691 1836 aevum,
705 1747 791 1840 quin
806 1747 908 1840 hujus
921 1750 1145 1826 Breviorium

110 1865 184 1918 non
202 1865 345 1918 tantum
360 1849 479 1943 magni
500 1845 656 1938 laceret,
682 1846 740 1920 fed
757 1846 794 1921 in
811 1845 986 1920 Graecam
1001 1869 1144 1944 quoque

110 1943 314 2036 Linguam,
341 1967 408 2038 quo
421 1946 577 2042 pluribus
634 1940 788 2032 odellet,
810 1943 1080 2037 iterataopera,
1103 1961 1145 2024 nt

110 2039 210 2114 duell
229 2040 462 2133 suspicantur,
487 2065 564 2118 tran
601 2063 716 2133 erret,
740 2041 827 2116 licet
844 2038 891 2115 de
904 2039 1015 2114 altera
1030 2061 1144 2120 meta·

108 2137 224 2238 plurali
241 2160 314 2214 non
333 2141 414 2214 fatis
428 2142 580 2237 liquido,
603 2165 691 2239 quae
708 2159 910 2235 temporum
924 2137 1053 2236 injuria
1069 2137 1143 2230 est,

109 2237 272 2312 constare
289 2241 402 2312 nobit
421 2239 534 2336 poffit.
588 2241 719 2339 lngrati
740 2240 817 2315 lunt
835 2235 874 2314 iu
893 2257 1018 2312 omnen
1033 2239 1144 2314 bonae

107 2337 251 2427 literae,
277 2340 486 2435 quicunque
507 2339 576 2413 hoc
594 2338 759 2435 Eutropii
778 2338 918 2430 labore,
939 2334 979 2411 dt
999 2338 1144 2419 Paeanii

109 2436 375 2533 metaphrastae
389 2432 612 2513 transsatione
623 2437 710 2511 niltil
726 2438 897 2511 laetantur
910 2453 970 2509 aut
983 2434 1144 2511 alliciun-

108 2556 184 2609 rur:
208 2538 326 2611 etiam
343 2534 479 2622 invidi,
503 2539 562 2633 qui
573 2536 800 2634 juventutem
814 2532 992 2629 ejusmodi
1005 2536 1143 2611 thesau-

109 2652 182 2705 rum
198 2636 322 2709 celant
342 2632 382 2708 dr
396 2634 635 2725 abscondunt,
660 2657 704 2708 en
721 2657 792 2731 quo
806 2630 942 2730 infigne
961 2635 1143 2714 literarum

108 2730 377 2808 incrementum
399 2732 571 2808 accedere
596 2730 691 2828 polle
713 2732 881 2807 sentiunt.
933 2728 1003 2806 Vir
1025 2729 1143 2805 seculo
1282 2753 1285 2759 ·

110 2830 230 2902 nollro
242 2832 379 2927 major,
405 2829 444 2904 dr
461 2854 541 2905 curn
556 2832 721 2927 ingenio,
747 2849 820 2903 turn
837 2828 943 2903 reboo
958 2826 1063 2924 gellia
1077 2830 1142 2903 du·

108 2926 195 3000 dum
210 2928 371 3019 illullria,
399 2930 522 3003 Vrtur
537 2932 750 3003 Luoovrcoa
764 2952 786 3001 a
799 2930 1042 3002 srcnanooar
1065 2925 1140 3005 dcc.

106 3024 215 3123 saepe
224 3026 313 3101 milti
328 3026 761 3102 laudauitlloeclerianum¹
774 3026 952 3100 confilium
962 3050 1054 3121 ,quo
1068 3050 1143 3101 rne-

108 3124 172 3197 lius
186 3125 324 3199 consuli
341 3126 440 3221 pollo
455 3124 631 3200 literarum
646 3124 685 3199 dt
699 3126 923 3222 eloquentiae
935 3124 1053 3199 studio
1067 3143 1141 3201 non

108 3222 332 3299 existimavit
354 3226 392 3298 in
415 3224 485 3297 ltoc
509 3248 641 3322 genere
655 3222 898 3299 verlatillirnus
920 3221 1004 3313 vir,
1034 3244 1141 3319 quam
1190 3248 1194 3255 ·

108 3322 347 3417 parallelisnro
364 3321 526 3397 Graecae
543 3323 759 3419 Latinaeque
782 3320 967 3409 historiae,
992 3318 1016 3391 ll
1038 3346 1074 3395 v.
1099 3342 1139 3417 g.

108 3422 298 3511 Arrrurtm,
323 3420 426 3517 cojna
447 3443 690 3519 argumentum
710 3422 820 3494 etiam
842 3420 974 3495 Curtius
993 3418 1141 3509 scribit,

111 3520 285 3603 certioris
305 3522 418 3592 oarlrr's
441 3516 566 3593 latine
586 3518 779 3608 reddator3
811 3516 849 3591 dr
869 3514 1018 3609 Corsrur'r
1038 3538 1140 3590 com·

109 3610 278 3692 tn'entarii
293 3616 343 3689 de
353 3616 493 3691 Gallico
507 3617 603 3691 bello
615 3642 696 3691 cum
711 3616 907 3714 metaphrast
915 3618 1040 3690 Graeco
1054 3639 1140 3691 con·

110 3710 287 3789 letantur:
301 3734 377 3791 ,aot
397 3714 619 3813 ejusdemde
643 3718 743 3789 Ciuili
762 3717 843 3791 libri
864 3716 910 3791 ad
930 3715 1141 3791 Plutarchum

115 3832 175 3883 aut
189 3817 379 3911 Appianum
398 3815 643 3909 explicandum
668 3816 914 3889 adhibeantur.
962 3815 1050 3887 Cum
1075 3812 1142 3888 ita.-

119 3928 189 4001 que
204 3932 273 3983 non
292 3914 413 3984 minua
433 3914 662 3989 emolumenti
683 3936 727 3989 ex
750 3913 902 3989 Paratur
923 3929 1012 3986 rorte
1034 3908 1141 4005 lross,

116 4026 203 4083 cum
218 4008 397 4089 Euatortr
411 4015 587 4114 conmodir
601 4010 941 4161 coojqnflmlraberi
955 3933 1052 4111 pole
1065 4009 1139 4183 ang·

766 4132 793 4191 2
1046 4128 1105 4188 ma
1128 4143 1146 4171 ⁸
