2875 4650
352 247 968 350 nantcaato
1119 277 1180 358 ax

144 489 251 557 mm
281 453 490 558 codicum*
527 439 833 584 supelleitilem
866 448 987 554 ultro.
1013 441 1180 563 aditum·

150 607 385 730 teciufisti,
432 637 629 740 eumque
666 601 737 702 ad·
757 601 864 703 alios
901 605 1094 708 doctrina
1128 611 1181 714 δι

148 764 402 903 dignatione
443 755 768 864 inlustrissimos
799 758 942 862 Viros?
971 764 1177 890 mumistia

141 917 444 1054 Suspiciebam
467 919 518 1019 δε·
541 913 774 1033 venerabar
800 914 1036 1049 ing‘enium'
1050 923 1180 1024 tuum

139 1072 191 1177 &
237 1071 594 1174 consummatam
630 1065 950 1237 etuditionem,
986 1073 1180 1214 quotie&

142 1231 341 1369 tumque
348 1227 435 1328 ad
475 1257 632 1328 eorum
663 1223 1012 1354 monumenta,
1022 1240 1181 1370 quibus

140 1385 279 1490 ditare
298 1415 454 1489 meunt
484 1392 685 1488 animum
692 1373 924 1507 solebam,
959 1391 1180 1528 confuge-

142 1585 266 1677 rem3
298 1545 375 1646 sed
415 1579 559 1682 aquo
601 1573 806 1678 tempore
816 1532 937 1644 ad
925 1549 1180 1650 mtetiotem

144 1703 298 1802 Tuam
333 1696 668 1810 familiaritatem
702 1733 912 1836 perquam
928 1702 1067 1803 mihi
1095 1702 1180 1802 hoss

148 1857 382 1961 notificem
411 1854 618 1958 admissias
649 1857 771 1978 sitm,
808 1888 930 1958 tanto
963 1863 1178 2010 majorem

147 1999 243 2116 Tui
268 1993 637 2158 admirationem*
626 2049 672 2112 m
688 2028 770 2113 me
778 1993 1049 2134 eiicitasti,
1043 2025 1189 2164 ᾳυειῃί

147 2204 198 2274 to
229 2178 370 2310 magis
397 2171 669 2275 doctissimis
673 2151 808 2274 Tuis
829 2145 1099 2310 sermonibus
1129 2191 1178 2275 e·'

145 2332 302 2444 tuditi,
337 2330 389 2429 &·
419 2328 520 2427 ad
482 2299 733 2429 anteriores
772 2304 996 2469 Musarum
1036 2326 1179 2470 tetes&

146 2486 213 2584 sus
254 2486 374 2581 viam
420 2478 648 2580 monstrati
693 2480 801 2579 mihi
838 2486 1055 2620 contigit,
1083 2501 1176 2620 qua·

149 2642 192 2743 in
217 2672 289 2756 te,
324 2672 608 2773 quocumque
634 2634 799 2753 mod0‚
833 2672 966 2772 opera
992 2640 1040 2739 δι
1066 2672 1176 2737 con-

149 2782 245 2885 silio
274 2789 509 2919 opitulandi
540 2786 750 2887 voluntas·
772 2785 874 2887 Tua
919 2786 1027 2887 mihi
1064 2822 1177 2887 nun-

146 2977 281 3077 quam
314 2942 477 3062 defuit,
513 2946 647 3041 itaut
677 2940 807 3040 Tuae
838 2940 1055 3062 facilitati,
1090 2919 1177 3079 qua

144 3124 212 3195 tot
252 3098 362 3197 mihi
405 3098 560 3197 auxilia
600 3094 906 3229 suppeditasti,
957 3100 1186 3222 maxima,-

142 3250 297 3389 quibus
319 3251 566 3383 splendent,
594 3283 852 3356 ornamenta
869 3255 948 3356 soli
967 3254 1074 3356 Tibi
1097 3258 1175 3359 de·

140 3404 270 3535 beant
292 3404 531 3543 Eutropius
558 3408 606 3511 δι
638 3410 677 3507 F
678 3404 805 3510 estas.

208 3561 287 3659 Ad
319 3597 402 3663 eos
450 3568 594 3735 itaque
632 3565 838 3688 redeant,
883 3593 1106 3703 oportet,
1148 3602 1176 3670 a

138 3710 295 3851 quibus
326 3739 502 3815 tantum
539 3718 863 3817 incrementum
890 3717 1171 3889 adcepetunt.¹

123 3864 337 3967 Ornatus
367 3862 582 3969 siminus
621 3865 802 4005 piacet,
835 3870 1047 4013 primitias
1083 3848 1175 3992 effe

663 4022 755 4163 †5
993 4058 1170 4221 aa·
