2875 4650
324 300 695 389 BREVIAR.
743 302 842 379 Lru.
888 304 936 380 X.
1054 308 1157 396 489.

94 473 219 559 fudit:
247 478 360 575 ipsum
390 476 570 575 postremo
602 477 743 553 Rornae
775 476 964 553 adversum
995 477 1135 553 nobiles

94 588 111 635 ¹²
139 580 302 653 omnibus
323 580 442 651 exitiis
458 580 672 651 saevientem
688 630 699 665 ‚
713 578 814 672 ¹apud
839 595 984 671 pontem
1007 578 1017 627 ἰ
1037 578 1136 649 Mul·

95 682 193 753 vium
213 679 329 762 vicit,
352 674 521 772 Italiaque
538 672 590 746 est
610 677 755 768 potitus.
798 680 816 731 k
841 678 929 749 Non
947 674 1059 747 mullo
1073 675 1134 745 de·
1172 671 1175 684 '

94 779 220 872 inceps
241 778 278 851 in
300 776 447 849 Oriente
463 795 602 871 quoque
621 774 802 849 adversum
817 775 996 881 Licinium
1012 774 1135 855 Mari·

932 928 936 943 .
1069 895 1163 945 mr·-

298 968 526 1037 Vitatur:
570 944 932 1038 an'nronas.

135 1118 156 1177 h
175 1118 335 1177 Hominibus
352 1116 445 1193 Lugd.
466 1118 529 1179 But.
553 1132 578 1176 1.

134 1195 301 1252 th'ioium
320 1194 349 1253 S.
370 1196 403 1251 B.
426 1196 461 1253 G.
483 1196 518 1251 V.
550 1194 595 1253 Sc.
622 1192 714 1271 Lugd.
739 1194 802 1256 Bat.
838 1208 865 1270 3·
894 1206 920 1265 ς.
948 1190 1085 1255 Moeram
1107 1206 1135 1256 1·
1159 1200 1164 1208 '

99 1269 236 1333 Murano
256 1287 283 1329 2.
304 1270 436 1329 Moibt'um
455 1272 501 1330 M.
522 1272 555 1329 L.
575 1271 635 1329 LC.

138 1347 239 1409 art'oo
256 1350 337 1407 anullo
352 1344 407 1424 post
426 1348 545 1423 deinceps
565 1348 652 1425 Vulg.

471 1485 773 1553 Noran.

133 1623 238 1673 Onerum
264 1627 340 1675 celtus
354 1623 521 1687 firmitatem]
538 1624 601 1673 Vide
640 1624 747 1672 Misosttu
765 1624 877 1671 inaurat
890 1624 915 1670 sn
928 1618 1061 1685 naamam
1073 1623 1137 1673 sibe-

101 1688 133 1735 tie
148 1691 193 1736 bac
209 1686 308 1736 saevitia
327 1689 451 1737 Maxentii
470 1688 602 1737 Eusebium
640 1690 664 1735 es
676 1690 808 1748 interceptos
819 1686 857 1745 ast.
874 1690 905 1734 Λ.
916 1686 942 1731 s.
962 1686 1030 1732 Urbe
1046 1686 1139 1733 insta-2
1188 1689 1192 1700 '

101 1754 143 1798 iis.
154 1762 208 1797 vtrr.
219 1762 267 1814 cop.
282 1753 319 1799 16.
335 1752 362 1799 ln
375 1749 497 1801 matronas
507 1786 515 1812 ‚
526 1752 551 1801 in
560 1756 601 1800 se·
640 1750 724 1797 Rubra
734 1746 894 1808 progressum
914 1748 1069 1796 Manenttunr
1084 1747 1139 1795 acie

104 1823 224 1875 narraret,
237 1814 262 1860 in
275 1813 413 1863 universum
425 1816 544 1875 populum
550 1816 602 1865 Ro·
641 1813 701 1861 vicit
728 1814 916 1860 Constantinus:
937 1811 1078 1859 Maxentius
1098 1822 1141 1858 ur·

103 1888 205 1924 manum
215 1876 292 1925 mirae
302 1870 428 1925 narrantur
436 1878 601 1927 crudelitates.
641 1878 698 1925 bern
716 1874 772 1935 suga
790 1875 937 1934 repetiturus
951 1906 960 1933 ,
973 1872 1142 1921 ‘indeminu-
1234 1875 1238 1882 '

106 1940 202 1996 k-cup.
218 1950 256 1995 ¹7·
272 1952 372 1995 narrar,
386 1942 539 1999 Sophronam
552 1955 602 1990 rne-
641 1940 687 1989 diis
706 1940 800 1989 navalia
818 1938 918 1997 pontia,
940 1949 1000 1995 quta
1017 1937 1140 1983 contiro-

103 2012 203 2049 tronttnr
228 2004 348 2059 quendam
366 2003 407 2053 ubl
423 2016 527 2053 mortem
543 2018 603 2053 con·
641 2004 694 2051 tino
709 2002 847 2058 struxerat,
867 1999 1018 2057 interceptus
1031 2000 1053 2045 ea
1063 1999 1140 2047 Tibe·

105 2062 220 2173 givilse,
234 2077 266 2111 ne
281 2068 334 2123 ejus
354 2066 378 2114 in
399 2078 482 2117 manus
498 2069 603 2119 veniret.
641 2067 774 2125 ricgurgitc
785 2062 924 2113 submersus
934 2063 977 2109 est.
990 2062 1140 2112 Ameana.

130 2136 188 2187 naa.
419 2146 421 2154 ¹
458 2134 462 2141 '
642 2146 665 2177 o.
677 2142 716 2187 40.
731 2130 807 2176 Ceno.
1127 2127 1131 2144 ¹

139 2189 212 2251 Apud
212 2190 428 2254 proconsulatum]
442 2194 518 2243 Vetus
526 2194 603 2253 liber,
676 2194 817 2243 oraclorum
832 2207 867 2239 res
887 2204 955 2237 amaa
974 2186 1076 2251 meliors]
1090 2187 1141 2237 luc

106 2264 157 2315 non
172 2253 244 2300 babet
254 2256 369 2301 Misoittu.
384 2256 477 2305 thu‘r.
501 2256 547 2318 Qui
559 2270 602 2303 err-
643 2256 776 2305 sceleratus
798 2254 835 2301 vir
852 2253 930 2302 licius
944 2252 1035 2301 Caesar
1047 2254 1076 2300 rb
1087 2252 1138 2300 Ga·

106 2329 143 2364 rra
164 2317 251 2365 urbem
274 2314 328 2377 cli,
351 2331 399 2376 qua
418 2319 466 2368 irur
490 2319 516 2369 ln
534 2321 603 2368 Pice·
641 2320 705 2369 letio
721 2317 894 2378 Maximiano,
907 2316 975 2376 quoti
991 2330 1023 2366 ert
1036 2314 1089 2373 eiua
1101 2315 1141 2364 so·

105 2391 174 2431 nuni.
193 2380 275 2428 Gora.
307 2383 439 2430 Maxentius
457 2385 507 2432 sau
522 2385 603 2432 asver-
642 2396 698 2432 rore
710 2384 768 2432 esset
780 2382 885 2442 genitur,
905 2381 930 2428 in
946 2381 1089 2428 crudelitate
1101 2391 1141 2426 re·

99 2443 140 2504 sor
151 2441 314 2503 &astantibus
323 2447 462 2507 congreditur
471 2481 480 2507 ,
490 2447 604 2508 paulosa-
642 2447 725 2496 serens
741 2448 888 2494 avunculum
901 2478 910 2502 ‚
926 2455 953 2491 ur
967 2443 1069 2503 copiose
1085 2455 1141 2490 nar·

101 2509 180 2568 perior
198 2523 213 2554 a
229 2515 296 2567 pente
307 2509 410 2568 Mulvio,
429 2512 454 2558 sa
463 2521 549 2571 pontem
563 2527 606 2558 aa·
643 2522 681 2558 ret
697 2508 814 2558 Eusebius
826 2509 851 2554 in
867 2506 1027 2568 Becsefiaststaa
1035 2506 1142 2566 historiae

108 2572 313 2632 vt'gt‘t'tcoerpofitttttr
328 2575 533 2638 ablaterar'ogredi
541 2573 606 2637 fests·
643 2577 868 2635 sib.vllr.eap.17.
889 2571 1038 2620 &inscitum
1052 2583 1088 2620 lx.
1111 2569 1141 2618 ln

107 2649 182 2690 unas,
199 2635 260 2695 lapsu
276 2639 326 2698 equs
339 2638 364 2683 sn
372 2633 509 2698 profundata
524 2639 607 2686 semar·
646 2637 718 2685 causa
732 2635 796 2690 suit,
810 2635 877 2694 quod
891 2635 991 2693 magicis
1003 2634 1095 2683 artibus
1104 2632 1142 2680 in·

102 2693 197 2758 fiosest,
216 2711 359 2761 voratumque
381 2703 433 2748 Iino
449 2701 544 2762 pondere
558 2701 605 2748 rba·
642 2697 722 2749 feftus
744 2709 805 2746 erat.
845 2697 909 2756 Sagis
933 2699 955 2744 it
970 2701 1088 2747 maiarum
1101 2707 1143 2744 ar·

109 2762 170 2806 ratis
183 2771 257 2820 conpos
272 2763 312 2808 aix
330 2773 446 2823 repertun.
481 2763 565 2810 Vilior
579 2765 604 2811 in
642 2764 701 2813 rium
724 2759 867 2810 doetorlbus
885 2764 992 2809 bonores
1019 2760 1142 2819 maximos

107 2821 217 2881 Epitom.
250 2823 322 2870 Hunc
336 2836 437 2881 pontem
450 2825 483 2875 ita
497 2825 605 2875 constru·
643 2826 781 2884 tribuebat,
799 2826 873 2873 urbes
893 2824 1031 2884 spoliabat,
1048 2827 1141 2872 multos

110 2895 181 2947 xerat
191 2883 330 2936 Maxentius
342 2921 351 2946 ,
365 2902 391 2936 ut
405 2891 435 2938 rb
449 2903 497 2938 una
511 2889 566 2948 ripa
575 2889 605 2936 rtl
643 2889 822 2950 proscribebat,
832 2888 958 2946 ingentem
968 2887 1087 2947 colligens
1095 2897 1141 2944 pe·

110 2951 213 2994 alteram
235 2962 285 2997 non
300 2949 466 3013 pertingeret,
490 2953 530 3001 sed
545 2955 606 3002 dure
645 2951 799 3011 cuniam‚ur
813 2949 902 2998 milites
911 2950 1048 3009 saginaret,
1062 2963 1092 2997 rc
1101 2949 1141 2996 lrt·

109 3009 136 3058 in
152 3022 235 3068 partes
250 3011 283 3059 ira
299 3013 423 3077 diuisum,
441 3029 468 3064 ut
483 3015 509 3064 in
523 3015 607 3065 medio
645 3015 754 3076 pitiviem
768 3013 1143 3074 serimempnrrtor,scortator,
1243 3015 1251 3034 ¹
1323 3029 1330 3039 ·

110 3072 214 3121 flumine
236 3085 293 3133 para
308 3089 409 3136 utreque
430 3078 511 3138 pontit
527 3079 608 3129 fibulis
645 3079 765 3138 virginum
777 3090 807 3125 ae
821 3087 988 3124 matronarum
1004 3075 1143 3137 stuprator,

109 3137 199 3185 ferreis
220 3136 427 3201 conjungeretur,
447 3155 510 3200 qnae
526 3145 607 3192 revel·
645 3139 1145 3199 Christianorumbostirtnecrnoruepoe·

109 3200 225 3250 iebantnr
240 3213 295 3250 cunr
312 3204 366 3262 quis
381 3217 483 3264 pontem
496 3204 608 3262 juncum
646 3220 677 3254 tta
691 3205 902 3263 avunculi‚quam
919 3201 955 3251 ilii
967 3201 1144 3263 inflixitDetrs,

111 3265 200 3314 nollet.
232 3263 262 3312 Et
278 3270 444 3327 lmperrverttt
466 3267 563 3328 fabris,
582 3280 608 3318 ut
646 3281 739 3318 nouam
753 3265 912 3316 afflictorem
930 3264 1145 3323 Ecclesireinjun·

111 3326 297 3385 cumprimum
331 3330 444 3380 vitlerent
473 3335 609 3382 exercitum
646 3334 700 3392 xit,
727 3343 773 3390 per
791 3342 868 3378 toturn
893 3331 1022 3378 Orientem
1045 3329 1074 3378 ic
1092 3331 1144 3377 lle·

113 3391 267 3438 Constantini
282 3391 504 3452 juniiuraepontlr
521 3395 611 3445 infilic-
646 3407 755 3456 gyprurn.
793 3391 938 3442 Antiochiae
961 3393 1055 3452 coepit.
1074 3390 1144 3440 venie
1240 3392 1244 3397 ”

112 3465 160 3512 re,
180 3451 269 3502 fibulae
290 3459 441 3506 revellerent
463 3471 492 3506 ac
506 3470 609 3517 pontem
648 3461 761 3517 Tyrum,
779 3457 821 3505 ubi
841 3459 931 3505 multos
954 3455 1062 3506 occidit:
1077 3457 1145 3514 leges

111 3515 259 3574 solverent,
276 3529 303 3566 ut
317 3518 349 3567 ira
363 3532 485 3580 quotquot
501 3523 541 3570 hic
556 3521 610 3570 infi·
648 3522 734 3570 reneis
743 3519 832 3569 tabulis
842 3525 937 3578 erexit,
951 3519 976 3567 in
987 3519 1146 3580 quibuspia-

112 3579 222 3637 sterent,
246 3581 271 3628 in
302 3581 402 3631 fluuium
427 3583 609 3633 deliberentur.
647 3586 718 3634 sessus
732 3583 767 3630 est
785 3582 849 3631 raris
864 3581 919 3631 sore
930 3586 1061 3633 laetiorem
1082 3593 1146 3630 tem·

113 3643 161 3690 sed
181 3641 323 3694 Maxentius
354 3645 441 3696 infidiit
464 3660 523 3706 quar
547 3648 609 3695 nolli
647 3649 781 3708 pellacem,
806 3659 835 3694 re
854 3659 934 3696 terrae
953 3644 1146 3696 foecunditatem

114 3717 244 3776 potaverat
265 3707 425 3769 interceptus.
463 3711 522 3760 Inde
538 3709 607 3759 intel·
649 3711 863 3771 abundantiorem.
877 3711 941 3759 Corn
955 3722 1035 3759 rotem
1050 3721 1081 3756 err
1095 3706 1146 3756 Dei

115 3769 227 3826 licentius
243 3769 329 3820 vilior
340 3773 363 3852 in
379 3771 542 3851 Caesaribus,
556 3787 610 3833 pag.
649 3773 1146 3850 providentiacpntrariumproximoeve·

115 3833 611 3962 :rocroort:otiolo
648 3835 1147 3965 lllsllirssirliitiia:lllli

113 3972 149 4006 Ν
169 3973 244 4008 nm
260 3967 381 4026 aegerrima
399 3963 539 4027 progreffitr.
561 3966 612 4012 don
650 3963 817 4019 Christianos,
834 3961 913 4012 consti
928 3963 982 4011 sunt
990 3961 1070 4010 miseri
1079 3959 1149 4008 corl-

114 4019 180 4080 enis·
194 4021 412 4088 uirfagsansseam
426 4029 517 4076 Rom
532 4031 612 4088 racipe-
649 4029 740 4076 silanos
756 4026 898 4082 implorate.
925 4028 1002 4075 Porro
1017 4025 1148 4084 postquam

111 4097 178 4156 up„
195 4086 278 4152 infidsss
299 4105 354 4154 qaas
373 4089 425 4158 hosti
446 4092 507 4157 opos
519 4103 614 4156 pontano
649 4089 824 4142 constantinus
837 4089 989 4202 bipplentium
1000 4087 1150 4198 vicifflftibi·

901 4163 939 4210 ts
1055 4161 1148 4200 ctnutu
