2875 4650
224 299 429 372 ‘mn
535 271 1110 392 unu-nunno.

284 445 403 538 'Festo
427 455 515 553 “jam
561 443 665 556 typis
698 440 917 552 descripto,
955 469 979 530 a
1015 445 1099 529 Cel.
1128 445 1324 532 Burman⁴

288 591 345 648 no
378 556 558 647 Secundo
589 557 685 667 ipsuis
724 554 997 656 conlationes,
1032 556 1208 666 qumod
1252 585 1323 643 ex·

289 675 468 785 emplaris
501 671 553 756 sui
592 695 700 755 oram
740 667 934 754 adleverat
963 667 1211 756 Burmannus
1250 671 1322 758 Pa·

288 809 425 906 uuus,
458 782 508 871 ad
529 807 591 867 me
613 779 734 870 miffas
750 780 941 886 docuiffe,
967 805 1031 865 eat
1046 781 1100 866 ita
1119 810 1210 868 cum
1228 783 1321 868 Lei·

288 895 466 984 denfibus
491 895 728 1003 conspirare,
753 913 798 980 ut
819 894 907 980 licet
925 891 1090 980 diversae
1107 920 1157 979 ex
1183 895 1321 981 iisdem

292 1011 502 1097 Codicibus
540 1008 745 1118 descriptae
787 1007 988 1092 videantur
1009 1059 1025 1103 ‚
1048 1005 1129 1092 ·sed
1168 1027 1322 1118 praeter

287 1127 444 1212 Nonnii
474 1119 629 1208 Codicis
657 1121 919 1205 conlationem
949 1145 1033 1205 non
1050 1121 1210 1205 ulterius
1228 1146 1321 1231 pro·

290 1236 573 1344 cedere,quam
593 1229 644 1316 ad
671 1259 753 1342 cap.
767 1257 867 1319 xur.
895 1257 1034 1318 omnes
1054 1258 1149 1318 vero
1169 1233 1219 1318 ab
1237 1234 1319 1343 ipso

57 1377 63 1388 ·
121 1385 125 1390 ·
288 1349 418 1440 Andr.
437 1349 601 1434 Schotto
621 1345 796 1456 scriptae,
822 1369 921 1452 quae
939 1345 1056 1458 igitur
1072 1341 1221 1449 cauffo,
1247 1372 1318 1432 cur

159 1467 163 1476 '
288 1460 478 1572 quaedam
506 1457 745 1565 conjecturae
773 1459 877 1544 aCl.
899 1457 1126 1542 Burmanno
1143 1458 1178 1542 ei
1196 1459 1318 1543 tribu·

293 1595 357 1661 tae
377 1573 554 1678 fuerint,.
569 1596 666 1682 quae
683 1569 869 1674 Schott0‚
898 1571 1076 1676 Nonpii,
1101 1569 1250 1656 Pithoei
1274 1568 1320 1655 &

291 1687 518 1774 Bafileensee
538 1680 665 1770 Codd.
691 1681 904 1768 conferenti
931 1682 1110 1768 sumarae
1128 1681 1315 1769 videntur.

349 1797 544 1888 Messalam
565 1790 780 1881 Corvinum
804 1795 855 1881 ab
873 1794 943 1881 hae
958 1791 1131 1881 editione
1148 1793 1317 1899 exuuii,

289 1915 382 2025 quia
405 1913 561 2021 scriptor
585 1910 751 2020 spurius,
777 1907 820 1990 &
849 1905 966 1991 Liber
987 1907 1029 1990 iu
1056 1909 1198 1994 molem
1229 1907 1317 1994 satie

291 2027 441 2116 auctam
460 2041 698 2124 excreverat,
729 2016 832 2106 unde
850 2016 893 2103 &
910 2023 1116 2134 Anonymi
1133 2019 1238 2106 istius
1255 2021 1318 2104 O-
1425 2100 1426 2103 t

292 2141 483 2226 rationem
502 2131 623 2222 abeffe
644 2131 738 2242 juffi.
795 2132 985 2217 Libellum
1005 2151 1135 2218 tamen
1157 2131 1318 2219 Provin-
1425 2162 1426 2183 ³

292 2257 461 2352 ciarum,
490 2249 579 2358 quia
597 2247 723 2331 brevis
737 2243 780 2329 &
799 2272 882 2331 non
901 2245 1068 2351 inutilis,
1094 2241 1235 2332 addidi.

349 2366 427 2451 Hic
453 2360 571 2449 finem
608 2356 839 2445 Praefationi
877 2360 1063 2469 inponere
1090 2355 1316 2469 potuissem,

292 2476 364 2568 nisi
383 2476 433 2561 ad
451 2472 627 2582 Eutropii
647 2471 696 2557 L.
722 2498 758 2557 1.
782 2498 814 2557 c
842 2497 904 2557 12.
933 2468 1243 2558 Diffectationem
1263 2469 1318 2555 de

294 2592 496 2680 Dictatore
522 2584 564 2672 P.
585 2586 634 2669 R.
662 2582 712 2669 ad
739 2583 866 2693 operio
895 2586 1036 2669 calcem
1068 2608 1131 2677 me
1147 2580 1315 2689 adjetio-

294 2733 379 2793 rum
398 2700 588 2811 pollicitus
607 2695 864 2805 quaedamab
890 2695 970 2806 ipso
987 2695 1140 2783 auctore
1161 2698 1222 2783 ve}
1242 2696 1315 2779 Vi·

291 2823 345 2904 ris
375 2814 513 2903 Docilis
536 2836 672 2920 purum
704 2806 884 2895 adcurate
909 2805 1047 2893 tradita
1066 2811 1106 2897 in
1127 2809 1225 2895 hanc
1243 2804 1317 2892 dis·

291 2926 435 3017 serendi
463 2924 656 3011 materiam
687 2918 926 3024 distulissem,
954 2946 1090 3029 quam,
1119 2926 1207 3030 quie
1246 2946 1317 3026 pet

292 3040 477 3243 tutu
498 3030 713 3261 ’Ἇέἓῗῖἒῗέ
739 3033 1202 3251 qssssffi'fflffffibiit
1221 3033 1317 3231 iu

294 3266 442 3355 auctam
467 3212 607 3347 audere
627 3206 740 3361 licet:
767 3257 899 3344 omiffa
918 3261 1046 3368 paullo
1065 3252 1176 3344 iatius
1194 3259 1318 3371 expli·

291 3378 403 3469 candi
425 3370 660 3463 occasionem
677 3370 851 3481 adripere
869 3398 976 3458 nunc
992 3396 1125 3484 cogor.

350 3488 525 3598 Eutropii
556 3485 627 3597 (L.
644 3508 676 3569 1.
703 3512 737 3571 c.
760 3486 855 3591 12.)
880 3484 997 3568 verba
1020 3485 1112 3570 haec
1131 3484 1217 3570 sunt
1234 3484 1320 3571 No'·

293 3632 340 3693 nu
369 3628 469 3691 anno
493 3600 575 3713 post
602 3622 712 3708 reges
740 3594 896 3684 exotius
925 3662 934 3681 .
966 3661 974 3680 .
1004 3662 1014 3683 .
1043 3622 1146 3685 noua
1173 3598 1321 3684 Rorrtar

292 3721 464 3831 dignitas
488 3710 540 3822 est
567 3728 738 3812 creata,
771 3737 871 3824 quae
896 3706 1121 3796 Ditlatora
1148 3709 1319 3823 appella·

292 3850 365 3919 tur
394 3893 403 3915 .
430 3892 441 3911 .
469 3888 478 3910 .
509 3824 649 3913 Eodem
668 3826 903 3910 nuncetiam
921 3822 1318 3937 MagisterEquitum

285 3938 493 4058 sciliusest
518 4002 528 4026 .
559 4002 569 4025 .
601 3998 614 4025 .
642 3932 834 4025 Ditiator
851 3951 981 4027 autem
1003 3938 1148 4033 Rontae
1164 3940 1317 4051 primur

1208 4124 1218 4137 ,
1227 4045 1321 4160 suit
