2875 4650
235 324 292 378 nr
336 295 974 377 PRAEFATIONES.

100 455 253 530 veniunt
273 453 529 550 appellatione3
561 455 624 528 ubi
648 453 840 549 diligenter
865 453 1050 542 attendit,
1081 475 1122 532 ut

101 579 193 652 quae
219 578 264 626 ex
284 555 448 647 Eutropio
463 572 567 626 erant
584 551 705 625 hausta
719 553 861 626 diverso
882 553 1124 628 characterum

103 674 271 744 generea
292 653 454 726 Paullinis
477 651 770 746 exprimerentur.
822 652 987 742 Verum,
1011 674 1050 726 ut
1077 653 1123 726 ad

105 752 292 825 Fabricium
305 767 463 823 revertar
472 801 486 839 ,
503 752 720 825 mentionem
738 749 813 846 ejus
829 749 880 823 sui
894 754 975 824 MS.
992 752 1122 826 Eutroz

108 852 159 942 pii
175 853 289 923 iterum
306 848 402 921 facit
414 849 454 920 in
475 850 587 922 Notis
604 849 649 922 ad
669 847 783 921 Orosri
801 849 861 921 lib.
883 872 932 921 rr.
957 873 1034 946 cap.
1062 871 1122 942 17.
1266 863 1271 870 '

106 951 162 1020 ubi
174 948 285 1020 scribit
299 946 512 1044 Sueffirnum,
526 971 589 1021 uon
602 946 844 1042 Sinurffimum,
856 963 891 1020 ut
906 945 951 1044 efl
965 952 1000 1019 in
1014 951 1121 1022 MSS.

105 1044 199 1136 Orrfii
211 1048 426 1141 Eutropiique
440 1049 547 1119 libris.
571 1064 610 1118 ut
623 1044 661 1120 δι
683 1049 746 1119 lib.
762 1069 797 1118 v.
824 1067 902 1140 cap.
922 1051 978 1118 16.
1009 1047 1052 1118 ln
1067 1071 1124 1118 nn·

93 1143 158 1243 stru
171 1147 246 1217 MS.
263 1148 449 1241 Eutropio,
472 1149 570 1217 initio
584 1147 658 1218 libri
672 1149 799 1241 quinti,
824 1145 906 1216 duur
919 1165 1030 1231 uoces,
1056 1143 1125 1218 no·

101 1249 184 1317 nuni
202 1243 368 1341 Consules,
396 1267 459 1314 nun
481 1247 641 1338 leguntur.
688 1245 811 1338 Atque
836 1243 968 1315 ibidem
992 1243 1029 1313 in
1051 1241 1123 1316 fine

100 1366 175 1436 cap.
195 1365 249 1415 21.
273 1349 438 1422 Hiertam
451 1345 571 1414 hubent
584 1365 690 1415 ornnes
705 1344 803 1414 Libri
815 1341 915 1414 MSS.
932 1342 1123 1436 eundemque

97 1448 239 1537 antiquus
250 1467 342 1516 meur
351 1444 535 1536 Eutropius
550 1444 705 1519 Hirrdum
721 1443 965 1512 nominuttcum
980 1437 1124 1536 impreffi

99 1547 261 1619 Hiarbunr.
310 1543 451 1614 Iterum
475 1563 551 1632 cap.
573 1561 630 1634 23.
680 1541 870 1630 Hirtuleius
888 1537 934 1635 est
950 1543 985 1610 in
1004 1535 1123 1634 ncrflrr'r

98 1642 194 1712 MSS.
210 1637 318 1735 Ornsri
334 1642 489 1734 Eutropii
503 1636 546 1720 δ’
559 1638 643 1711 Flor.
661 1639 766 1710 libris.
792 1638 956 1734 Denique
979 1638 1122 1712 libuit.

98 1761 170 1828 cap.
190 1761 248 1827 24·
297 1739 494 1811 Scbonbonii
515 1738 709 1833 Eutropius,
735 1738 874 1808 Curchen
892 1739 1011 1808 babet:
1032 1760 1124 1808 meus

96 1839 176 1909 MS.
184 1839 321 1909 naam.
343 1860 420 1931 cap.
435 1858 493 1926 25.
517 1836 706 1908 Scbunbnor'i
715 1836 893 1930 Eutropius
908 1837 1123 1922 balenum·
1277 1871 1278 1882 κ

97 1936 252 2006 cadorum
265 1958 399 2019 numan,
420 1957 509 2006 meur
525 1935 754 2028 Baguudurum
775 1931 814 2004 lic
837 1953 992 2024 capno.
1019 1933 1122 2005 testa·

99 2053 158 2104 tur
174 2032 406 2104 Vetraninnern
424 2030 563 2106 exstare
583 2034 620 2106 in
643 2034 704 2106 suo
727 2029 921 2124 Eutropio,
947 2047 1052 2124 atque
1074 2031 1125 2104 ita

95 2151 225 2205 nomen
243 2131 330 2204 illud
347 2132 461 2204 scribi.

139 2229 337 2302 Praeterito
359 2251 501 2327 quoque
523 2251 637 2319 anno,
670 2237 703 2309 8.
724 2227 878 2323 Aprilis,
917 2226 1120 2324 Gottinga,

97 2330 372 2403 Observationes
389 2332 464 2402 suns
480 2332 584 2403 MSS.
602 2330 637 2403 in
654 2330 862 2421 Eutropium
878 2327 922 2401 ad
940 2350 997 2401 me
1020 2328 1121 2400 mise-

95 2450 142 2499 rat
155 2430 204 2501 Cl.
224 2430 282 2501 vir
298 2425 340 2501 uz
354 2426 600 2501 erudiriffirnur
612 2426 810 2521 christoph.
831 2424 1010 2521 Augustus
1021 2427 1121 2500 Heu*

95 2548 274 2617 mannus,
305 2549 395 2621 quas
422 2528 571 2599 libenter
594 2528 661 2599 suis
686 2526 773 2598 lucit
794 2524 964 2615 adtexui,
998 2526 1122 2622 ibique

93 2624 254 2699 studiosus
270 2622 408 2697 Leuior
420 2623 471 2697 est
483 2627 705 2699 inventurus:
721 2624 998 2697 Commonuerat
1012 2627 1122 2697 etiam

92 2723 135 2794 de
150 2726 302 2819 quadam
328 2723 387 2795 sua
403 2723 651 2797 emendatione
665 2722 836 2810 Amicus,
860 2721 906 2792 de
926 2744 994 2817 qua
1011 2724 1123 2795 libere

88 2820 259 2913 judicium
267 2844 390 2893 meum
407 2823 583 2917 proferam
594 2876 604 2909 ,
615 2818 688 2916 pari
699 2822 920 2917 ingenuitate
931 2843 1025 2893 meas
1038 2844 1125 2917 quo·

91 2918 401 3013 quelronestorum
415 2920 563 3016 judicio.
598 2915 667 2991 Vir
681 2918 799 3013 itaque
814 2916 1120 3009 praestantiffinrus
1231 2996 1238 3013 ,

94 3018 145 3111 Jo.
165 3019 409 3091 Arentzenius
430 3021 466 3088 in
485 3014 630 3089 Differt.
655 3016 700 3088 de
714 3016 869 3089 Ciuitate
884 3017 1014 3107 Paulli,
1040 3042 1121 3112 cap.

92 3140 123 3208 7.
147 3140 179 3211 ρ.
194 3138 280 3209 232.
314 3117 405 3211 apud
421 3114 633 3208 Eutropium
649 3115 707 3188 lib.
726 3136 758 3209 r.
779 3136 844 3205 cap
861 3137 916 3208 13.
942 3140 975 3209 p.
992 3118 1044 3189 Ed
1057 3140 1121 3189 no·

92 3214 174 3287 lirae
191 3240 252 3309 34.
279 3212 326 3286 ἃ
349 3236 405 3309 34.
433 3215 551 3310 legere
563 3216 686 3309 jubet,
714 3210 794 3285 Turn
815 3210 858 3296 ὅ)
873 3211 1029 3307 ipsosstbi
1047 3214 1122 3289 Tri·

91 3316 182 3386 bauus
198 3316 338 3398 Plebis,
351 3311 438 3406 quuſs
448 3315 593 3407 proprios
607 3311 760 3384 Vindices
774 3308 815 3393 Β
825 3310 1019 3409 Defensores
1033 3338 1123 3389 crea·

94 3416 149 3482 nit.
177 3414 357 3509 Legitur,
373 3411 508 3507 inquit,
524 3412 559 3483 in
573 3410 689 3484 Editis
701 3409 851 3502 Judlcrs.
878 3411 929 3484 At
944 3414 1031 3487 nibil
1046 3437 1123 3487 cer·

92 3514 267 3585 tetuinus
294 3509 450 3605 (addit)
475 3532 580 3605 quam
603 3508 889 3605 adjudicandum
912 3513 1022 3586 creati
1044 3515 1124 3587 strnt

93 3608 246 3683 Tribuni
268 3610 409 3695 Plebis3
431 3610 525 3703 quod
550 3607 678 3682 deiude
705 3628 750 3681 ert
777 3607 896 3680 Gellio
919 3610 1121 3685 confirmat.
1268 3648 1272 3661 .

92 3705 182 3781 Pace
206 3706 295 3780 Viri
316 3703 556 3786 dosliffimi&
577 3705 937 3803 discipuli-quondam
951 3714 1041 3801 mei,
1069 3734 1122 3783 as·

96 3802 213 3874 sentiri
227 3806 278 3877 illi
295 3825 446 3899 nequeo.
470 3798 682 3878 Emendatio
697 3802 748 3875 est
769 3823 895 3879 contra
910 3830 1034 3885 omnes
1046 3830 1122 3882 om·

94 3899 185 3971 nino
210 3902 313 3975 MSS.
338 3920 467 3975 contra
486 3902 637 3974 Paullum
656 3904 875 3991 Diaconum,
901 3908 1120 3982 contraMe·

91 3996 262 4093 pluraslen
276 3999 465 4077 Graecum.
500 3998 565 4101 Πρὶν
587 4002 639 4105 aul
660 4002 753 4083 uiris
776 4008 864 4102 uisui
888 4013 1038 4091 antistet·
1064 4000 1119 4101 ‹sg-

1011 4133 1122 4201 χΟΠΜ
