2875 4650
260 279 319 338 nr
366 255 1006 338 PRAEFATIONES.

189 433 612 524 REVERENDO
655 435 727 520 IN
769 435 1075 526 CHRlSTO

298 569 493 656 PATRI
523 570 617 656 ΑΟ
657 569 964 677 DOMINO,

127 759 1148 890 nuuoonruo

157 957 352 1030 ruunrr
391 951 580 1030 nouus
616 955 926 1028 urvonruru
964 923 1108 1034 aeuo

264 1055 581 1128 annuunt-rs
621 1059 676 1126 ru
712 1059 992 1141 annaeus,

422 1151 470 1224 rr.
509 1150 836 1226 ottrannus

433 1374 436 1380 1
538 1317 709 1392 s.1³.u.

223 1502 386 1580 enoliris
402 1501 438 1578 in
454 1500 548 1574 hunc
568 1499 747 1574 authorem
769 1500 1073 1578 lucubrationibus
1093 1504 1147 1580 di-

241 1599 380 1692 dimus,
406 1603 544 1696 optime
564 1596 719 1672 Antistes
742 1621 784 1672 ac
800 1599 936 1675 Praesul
959 1603 1150 1702 integerri-

117 1723 199 1788 me,
222 1701 374 1794 primunt
390 1700 436 1773 de
456 1697 529 1796 ipio
552 1698 697 1772 authore
715 1700 823 1772 verba
841 1696 986 1773 faciam:
1011 1703 1146 1791 occid,

117 1797 219 1896 quod
239 1797 354 1872 fotian
375 1797 481 1871 alicui
500 1795 613 1870 videri
638 1795 766 1891 pollit,
798 1814 954 1887 temere,
979 1797 1040 1872 sed
1054 1823 1147 1895 pro·

117 1920 172 1992 pe
188 1895 344 1970 condius.
390 1896 469 1968 Fuit
484 1897 566 1970 sane
581 1913 664 1966 ante
677 1916 789 1966 annos
805 1895 960 1989 aliquot,
988 1919 1069 1970 curn
1087 1922 1148 1972 au·
1212 1909 1217 1915 ’
1278 1990 1293 2006 „

121 1995 250 2067 thores
271 1993 484 2066 inemendati
509 1995 618 2089 vulgo
640 1991 735 2066 nullo
754 1990 957 2065 discrimine
985 1994 1149 2090 legeren-

118 2111 214 2180 tur,
252 2091 599 2189 existimarenturque
624 2107 763 2164 ueteres
791 2112 833 2163 ac
857 2111 983 2163 ornnes
1003 2095 1146 2190 magni,

115 2189 324 2290 quicunque
349 2191 502 2286 aliquam
532 2189 686 2283 speciem
715 2187 936 2285 antiquitatis
962 2190 1147 2267 haberent.

114 2291 243 2364 Nemo
267 2289 434 2379 Livium,
458 2287 724 2383 Sallustiumque
739 2285 784 2359 ab
805 2287 913 2361 Aelio
937 2289 1149 2383 spartiano,

113 2388 346 2485 Lampridio,
371 2387 530 2483 vopisco
547 2388 762 2461 secernebat.
815 2386 942 2460 Cicero
956 2384 1150 2463 &Macro-

115 2488 200 2560 bius
219 2485 448 2574 eodemlloco
470 2486 696 2577 habebantur.
745 2482 793 2557 Et
817 2484 909 2559 inter
931 2485 1150 2559 Grammati-

115 2608 204 2675 cos,
229 2586 394 2660 Donatus
408 2584 583 2657 Prisciano
602 2580 867 2657 conferebatur:
895 2584 968 2655 imo
992 2582 1149 2679 stupido·

113 2706 202 2757 rum
216 2682 380 2776 judicio,
413 2682 607 2756 Priscianus
628 2680 737 2773 pluris
765 2680 912 2757 Donato
932 2678 1052 2755 fiebat.
1077 2682 1150 2755 hoc

115 2802 235 2854 unum
256 2780 447 2854 seculorum
462 2780 617 2877 priorum
635 2780 761 2855 uitium
773 2778 844 2853 fuit
857 2780 997 2875 ingena.
1048 2780 1150 2854 Alte·

116 2903 205 2955 rum
227 2878 328 2971 pejus
347 2876 383 2951 dt
401 2876 656 2977 perniciofius‚
696 2878 790 2973 quod
811 2900 907 2951 nunc
929 2876 1077 2968 dicam,
1111 2880 1150 2952 in
1246 2918 1249 2923 ·

113 2980 217 3075 ipsos
234 2978 343 3049 etiarn
359 2978 524 3051 authores
543 2975 758 3071 injuriosum.
811 2975 953 3077 Quippe
966 3000 1043 3051 mos
1060 2997 1150 3063 erat,

113 3098 158 3151 ut
178 3074 426 3151 infantiffiruus
444 3079 589 3173 quisque
610 3076 748 3172 magnis
772 3076 996 3164 authoribus,
1026 3075 1087 3149 sed
1112 3080 1149 3149 in

114 3175 226 3251 sacris
252 3175 374 3248 etiam.
409 3173 502 3271 quod
555 3193 744 3264 raeceptor
767 3169 884 3247 noster
911 3173 960 3244 D.
986 3172 1151 3247 Erasmus
1217 3242 1226 3253 a

115 3272 384 3349 Roterodamus
397 3272 503 3368 saepe
520 3198 559 3344 Σ
574 3268 690 3345 ore&
705 3270 842 3367 scriptis
854 3267 995 3367 questus
1010 3268 1075 3345 est.
1094 3274 1151 3345 lta

116 3372 258 3445 medius
271 3369 375 3446 fidius
390 3392 472 3445 cum
487 3368 556 3445 hoc
572 3366 712 3445 audlore
728 3370 900 3464 Eutropio
924 3365 942 3463 (
951 3388 990 3442 ut
1009 3366 1055 3443 ad
1073 3393 1152 3443 rem

117 3468 275 3543 nostram
290 3468 527 3567 divertamus)
552 3465 669 3543 allum
687 3466 750 3541 est.
766 3468 920 3542 Primum
929 3466 1002 3561 Jam
1023 3486 1148 3543 conta·

117 3569 299 3658 minatus,
328 3569 478 3662 perinde
498 3584 603 3663 atque
625 3564 781 3641 vetustus
803 3566 928 3659 audior
953 3564 1147 3663 legebatur.

116 3664 263 3740 Deinde
280 3668 480 3743 nasutiores
504 3685 696 3759 coeperunt
712 3664 830 3740 scabra
845 3663 1016 3759 quaedum
1031 3666 1067 3739 in
1084 3689 1150 3755 eo,

119 3784 169 3835 ac
180 3780 312 3841 temere
327 3765 455 3840 addita
472 3762 768 3848 animadvertere,
793 3762 999 3836 verecunde
1014 3782 1148 3852 tannen,

119 3878 166 3934 ιιι
183 3862 331 3939 Budaeus
353 3864 421 3939 lib.
438 3882 478 3953 5.
505 3860 548 3933 de
570 3858 663 3935 Aue.
713 3858 875 3935 suaerat
900 3860 994 3933 enirn
1016 3860 1077 3951 ei,
1110 3880 1151 3935 ut

118 3958 266 4061 quidam
281 3962 451 4052 uadum,
466 3958 589 4033 Paulus
603 3958 806 4053 Diaconos,
821 3954 860 4034 ἃ
874 3956 1052 4053 insuerat,
1075 3961 1151 4035 imo

677 4056 698 4103 θ
725 4071 746 4153 3
1089 4054 1155 4153 (ut
