2875 4650
481 245 1115 343 bnnlcnutonns

279 415 348 514 tis,
371 409 441 496 nen
464 411 626 516 ingratae
650 412 909 508 recordamini,
934 439 1016 494 vrrt
1043 441 1172 517 nempe
1191 417 1315 498 [συσὶ

284 545 362 598 νισι
385 521 694 608 Sscnsnnonstt,
729 515 940 612 Eutropium
962 517 1108 614 ejusque
1133 519 1311 596 Graecum

284 615 560 715 metaphrastatn
583 614 798 706 Paeanium,
831 614 1186 694 animadverfionibus
1221 619 1313 694 meis

284 715 498 806 illustratos,
534 715 571 789 in
593 709 750 790 vestrum
775 711 1041 810 vestrorumque
1062 716 1158 790 usum
1178 716 1315 811 publici

283 817 373 919 juris
399 812 498 903 seci,
533 809 572 886 dt
594 833 760 886 auratas
784 810 942 902 vestrae,
972 830 1138 912 tanquam
1162 815 1316 892 Herculi

232 999 239 1008 ,
286 911 490 1000 Musarum,
516 927 590 984 turn
604 911 804 1004 juventutis
813 911 982 1002 Parnotrt
990 963 1003 1002 ,
1018 935 1061 985 ac
1073 915 1207 1009 patriae
1220 937 1314 1001 sear,
1363 971 1367 979 .

287 1010 549 1088 MAURlClO
577 1009 881 1098 GUlLlELMO,
905 1012 1083 1085 Saxonum
1102 1014 1316 1107 aliarumque

287 1110 450 1210 gentium
478 1107 615 1182 incluto
636 1107 768 1198 Duct,
804 1107 1049 1204 Principique,
1077 1132 1158 1186 tato
1179 1110 1316 1184 ordinis

287 1210 340 1286 sui
364 1207 547 1303 exemplu,
573 1205 765 1302 sapientiae
815 1207 1009 1303 raeceptis,
1034 1207 1229 1308 vestrisque
1258 1212 1315 1281 in·

287 1307 419 1384 stitutis
438 1327 480 1378 ac
498 1305 693 1402 disciplinis
710 1229 929 1378 nonieviter
945 1301 1078 1396 tinilo,
1102 1305 1161 1383 sed
1177 1308 1318 1404 penitus

287 1404 329 1480 dt
345 1406 388 1480 ad
405 1402 572 1477 summam
592 1425 702 1500 usque
721 1403 870 1500 gloriam
892 1403 1049 1492 imbuto,
1074 1429 1159 1483 meo
1181 1404 1316 1481 vestro·

287 1525 360 1599 que
373 1499 641 1578 clementissmo
657 1503 832 1588 Dortnto,
854 1498 1032 1576 dedicavi.
1079 1504 1122 1578 ld
1143 1533 1202 1582 me
1220 1501 1319 1577 haud

287 1603 362 1678 stne
386 1597 549 1695 auspiciis
571 1598 712 1691 secisse,
737 1623 802 1674 vos
823 1597 930 1674 testes
951 1601 1039 1674 mibi
1060 1603 1160 1696 estis,
1184 1601 1318 1697 &ipse

287 1721 405 1776 rerunt
421 1716 571 1774 eventus
585 1699 817 1792 approbavit,
841 1697 935 1793 quod
953 1697 1063 1775 multa
1078 1701 1117 1776 dt
1138 1701 1319 1802 praeclara

288 1799 370 1878 sunt
385 1797 548 1895 ingenia,
571 1797 699 1892 quibus
713 1819 791 1870 non
812 1797 961 1892 exiguus
976 1796 1108 1875 srusius
1125 1825 1171 1877 ex
1190 1783 1318 1875 Eutrd·

285 1895 407 1991 pionis
427 1895 634 1972 ledlionibus
653 1894 788 1970 adlatus
807 1895 896 1986 suit,
925 1893 965 1970 dt
987 1897 1164 1998 hodieque
1183 1893 1318 1976 adsetri

288 2015 362 2074 non
381 1992 508 2069 desinit
522 1995 700 2091 plurimus.
733 1994 817 2069 Nec
833 1993 1033 2070 dedicando
1048 2022 1137 2096 opus
1151 1993 1318 2076 serenilii·

290 2117 354 2170 mo
367 2095 532 2182 Ptrtctsr,
557 2111 633 2168 tunt
647 2091 747 2181 flori,
761 2114 853 2166 nunc
868 2115 999 2188 magno
1013 2115 1225 2172 ornamento
1241 2098 1316 2170 lau·

288 2190 487 2268 datillimae
505 2191 652 2281 Gentis,
677 2189 803 2264 errasse
816 2189 941 2264 mihia
961 2193 1114 2286 decoro,
1139 2215 1198 2272 aut
1222 2197 1315 2272 indi·

291 2311 402 2386 gnum
419 2289 547 2387 aliquid
564 2309 663 2365 tanto
678 2291 823 2364 nornine
847 2289 1014 2367 admistlle
1037 2295 1210 2387 videbat,
1232 2299 1318 2393 quia

290 2388 367 2487 ipse
387 2386 508 2461 auitos
521 2388 709 2485 Eutropius
726 2388 872 2486 augusto
894 2392 1100 2489 imperatori
1126 2394 1164 2469 dt
1182 2398 1317 2469 Roma·

288 2510 417 2563 norum
442 2484 593 2585 principi
619 2488 793 2561 Vateurs
817 2487 944 2560 librum
966 2491 1062 2565 suum
1084 2492 1316 2568 consecrave-

291 2603 357 2663 rat.
410 2584 555 2659 Scilicet
571 2606 685 2659 rerum
701 2586 848 2683 potituri
865 2608 935 2683 quo
958 2590 1162 2689 diligentius
1183 2594 1318 2667 littera-

230 2686 233 2694 '
290 2708 370 2761 rum
394 2682 512 2760 studiis
527 2683 830 2780 praeformantur,
855 2707 901 2757 eo
918 2690 1104 2782 ampliores
1124 2688 1253 2765 studius
1268 2692 1317 2765 ad

289 2784 546 2879 rempublicam
574 2782 613 2856 dt
635 2804 860 2858 communem
882 2784 978 2859 usum
1001 2786 1194 2877 adserunt,
1233 2791 1318 2886 quia

319 2883 576 2956 raedidicerunt
594 2904 639 2954 ex
663 2880 879 2955 historiarum
901 2887 1145 2976 monimentis,
1171 2886 1208 2961 dt
1224 2892 1258 2960 in
1274 2889 1317 2961 il-

290 2909 388 3057 ituri
412 2980 491 3054 loco
512 2976 633 3073 positis
652 2980 846 3071 exemplis,
869 2984 964 3076 quud
991 2985 1123 3060 salubre
1145 2982 1184 3058 dr
1206 2986 1318 3082 frugi·

290 3078 406 3179 fetum
421 3076 471 3151 est
485 3078 717 3171 reipublicae,
730 3098 768 3152 ut
781 3078 982 3169 imitentur,
1006 3080 1046 3158 tv
1062 3084 1153 3182 quod
1167 3086 1317 3179 inceptu

291 3176 438 3254 foedum
468 3195 528 3250 aut
558 3177 655 3249 exitu
673 3230 684 3263 ,
703 3197 757 3347 lpt
781 3177 916 3275 majore
945 3180 1113 3258 industria
1136 3180 1314 3257 devitent.

291 3278 481 3372 Apparent
500 3272 552 3348 ibi
569 3297 701 3347 conver
715 3296 813 3369 tunes
834 3300 950 3351 rerum
970 3280 1220 3373 humanarum,
1245 3284 1317 3357 ori·

292 3375 397 3473 gines
417 3374 668 3469 imperiorum,
698 3376 868 3448 bonorum
883 3376 1050 3468 virtutes,
1074 3380 1317 3473 improborum

293 3474 404 3563 vitia,
417 3494 506 3567 quae
528 3472 607 3549 sane
627 3471 881 3569 qui'intuetur,
904 3474 941 3551 δι
961 3475 1169 3576 singulorum
1182 3503 1316 3574 expen-

294 3570 538 3657 disrationet,
561 3594 626 3644 nae
646 3573 740 3645 illum
762 3572 881 3649 adres
898 3598 1044 3673 magnas
1067 3578 1235 3653 idoneum
1247 3585 1317 3675 ‘pa-

295 3690 480 3765 ratumque
502 3692 582 3743 cunr
606 3670 726 3767 primis
753 3670 830 3745 fieri
858 3696 1013 3769 oportet.
1071 3682 1110 3752 ln
1143 3676 1318 3753 historicis

293 3790 381 3841 vero
405 3766 595 3855 Romanis,
620 3769 679 3865 qui
703 3770 897 3865 longiorem
920 3774 1042 3847 seriem
1068 3798 1183 3851 return
1209 3795 1319 3872 atque

294 3884 493 3963 temporum
510 3884 709 3963 percurrat,
735 3894 840 3967 quam
855 3872 1061 3971 Eutropius,
1086 3875 1236 3969 scriptor
1253 3900 1317 3949 un·

292 3964 411 4044 decim
430 3968 473 4059 ab
496 3966 582 4043 urbe
601 3968 745 4052 condita
766 3967 1000 4063 saeculorum,
1024 3969 1050 4046 fi
1073 3996 1213 4074 quoquo
1235 3998 1316 4145 vfe-
1394 3992 1406 4001 ·

1274 4092 1316 4147 us
