2875 4650
523 296 1153 387 DEDICATIONES

356 447 419 542 De
432 461 594 556 Eutropii
609 479 728 534 aetate
744 479 857 552 pauca
871 457 999 534 dicam.
1041 463 1205 560 *Julianur
1221 467 1339 565 lnrpe.

310 579 428 652 tator,
454 562 549 635 Galli
565 559 722 634 Caesaris
741 558 871 647 frater,
897 581 942 632 ex
960 560 1119 636 Parthica
1136 568 1336 663 expeditio·

309 680 357 736 tte
376 661 493 734 vietor
514 657 672 746 rediens,
697 656 805 752 periit
830 677 922 729 anno
940 655 1066 732 Christi
1090 663 1338 740 trecentesimo

307 756 523 855 sexagesimo
536 756 674 852 quinto.
724 757 775 826 At
789 755 839 828 illi
853 755 1073 850 expeditioni
1088 759 1250 837 interfuit
1267 767 1336 839 Eu·

307 861 464 952 tropiur3
490 858 541 929 ait
556 855 653 927 enim
668 854 730 926 sub
744 853 850 926 finem
866 853 945 927 libri
960 853 1113 948 decimi,
1140 853 1250 958 [Hinc
1264 862 1335 956 Ju.

307 959 415 1030 lianus
435 977 543 1028 rerunt
560 955 686 1050 potitus
706 949 776 1043 esi,
808 955 995 1048 ingentique
1015 973 1175 1050 apparatu
1196 959 1335 1036 Parthis
1421 1039 1422 1042 ,

287 1064 289 1077 “
305 1057 421 1130 intulit
435 1055 569 1128 bellum:
579 1056 633 1125 cui
647 1053 844 1148 expeditioni
860 1073 917 1145 ego
931 1073 1046 1146 quoque
1061 1051 1234 1160 interfuit]
1261 1063 1333 1135 Ae·

212 1176 215 1181 ⁴
307 1171 362 1227 tat
376 1154 505 1240 etiam,
529 1152 660 1251 absque
674 1173 718 1223 eo
735 1147 793 1238 stt,
815 1149 899 1223 hinc
916 1149 1021 1223 facile
1037 1175 1221 1249 appareat,
1239 1162 1335 1256 quud

304 1251 463 1326 libellum
477 1253 574 1327 suum
589 1249 634 1321 ad
650 1249 841 1324 Valentem
855 1249 1108 1342 Imperatorem
1124 1256 1273 1349 miserit,
1297 1277 1337 1331 ut

307 1375 354 1425 ex
370 1349 516 1446 epistola
528 1346 674 1428 coollat.
718 1347 928 1438 Eutropium
945 1347 1081 1422 Graece
1096 1356 1206 1427 vertit
1222 1357 1332 1428 Paea-

305 1450 412 1539 nius,
443 1448 553 1521 homo
576 1467 647 1520 non
671 1444 753 1518 sutis
773 1442 895 1518 dusius
915 1441 950 1518 in
970 1446 1134 1540 Latinio,
1167 1471 1205 1525 ut
1227 1455 1334 1546 saepe

305 1545 552 1622 animadverti.
585 1543 714 1639 Capito
728 1563 858 1639 genere
872 1543 1001 1640 Lycius
1015 1544 1109 1622 hunc
1125 1549 1333 1645 scriptorem

307 1643 447 1720 Graece
460 1660 636 1734 verterat,
660 1639 721 1715 sed
737 1663 781 1715 ex
800 1641 862 1714 illo
876 1663 986 1736 opere
1003 1645 1089 1718 nihil
1109 1647 1215 1722 hodie
1235 1652 1335 1746 supe·
1422 1695 1423 1704 ÷

305 1741 377 1817 rest
390 1793 405 1835 ‚
433 1743 527 1841 qood
549 1743 667 1814 sciam.
699 1741 838 1814 Multa
858 1738 1012 1836 denique
1034 1765 1080 1817 ex
1102 1747 1270 1840 Eutropio
1295 1751 1332 1824 in

304 1839 434 1936 scripta
447 1837 505 1916 sua
519 1837 740 1913 transtulerat
751 1839 905 1934 Joannes
918 1839 1185 1934 Antiochenut,
1211 1847 1268 1920 sed
1285 1871 1332 1922 au

304 1961 351 2015 ex
372 1939 502 2014 Latino
520 1937 682 2034 Eutropii
701 1935 892 2031 exemplari
903 1987 916 2024 ,
941 1953 987 2010 an‘
1004 1963 1048 2012 ex
1069 1943 1206 2016 Graeca
1227 1945 1332 2038 Capi·

305 2039 402 2112 tonis
422 2033 653 2114 conversione
674 2033 792 2112 hausta
808 2035 867 2109 illa
887 2033 974 2126 surr,
999 2033 1092 2115 haud
1113 2037 1219 2117 facile
1239 2041 1332 2118 affir-

302 2157 412 2211 mem.

498 2402 1135 2502 SERENISSIMO

278 2614 1365 2751 DELPHINO‘

723 2870 758 2945 S.
788 2868 826 2943 Ρ.
859 2868 908 2947 Ι).

370 3060 1262 3197 anun‚rnunQuntr

541 3264 796 3372 rnurrr
853 3266 1089 3375 rrum.

298 3501 472 3779 ᾼῑω
485 3502 663 3603 Antiqoot
673 3528 756 3580 cum
766 3506 844 3604 quit
857 3505 1065 3607 arti,qoarn
1076 3508 1334 3607 profitebatur,

423 3602 626 3679 valedicere
642 3605 769 3695 uellet,
794 3606 928 3680 solebat
945 3608 1004 3682 ille
1018 3610 1137 3682 omniu
1151 3610 1236 3683 artis
1250 3609 1335 3686 suae

300 3728 317 3781 t
411 3721 554 3821 menta,
580 3703 685 3794 Deo,
708 3704 770 3801 qui
791 3703 909 3779 eidem
928 3706 1164 3825 prpesprlebar,
1187 3708 1334 3784 dedica·

300 3822 343 3876 ¹²

165 4064 168 4070 .
299 3898 646 4090 {iebcffiffizzstta
660 3952 791 4079 Ltti'na
812 3998 968 4098 definer,
990 4003 1188 4104 quae'aTe
1202 3964 1335 4116 pripci·

571 4179 572 4182 a
1230 4124 1338 4207 prum
