2875 4650
478 259 1126 368 DEDICA'TiO'N'E'S'

280 441 353 536 mi,
376 436 415 520 dt
433 463 545 541 aeque
567 441 661 534 mei,
685 456 864 538 nunquam
886 437 1016 516 cessavi
1034 439 1174 529 colere,
1193 455 1310 536 neque

177 557 180 562 ’
282 545 367 621 durn
381 539 520 633 vivam,
547 541 635 616 rnilri
654 538 813 628 credite,
835 538 990 638 unquam
1011 537 1198 616 cellaturus
1221 536 1310 611 sum.

282 643 377 721 Dab.
395 639 510 717 Halae
523 639 704 716 adsolant
722 637 814 714 ldib.
838 636 1019 735 Septemb.
1044 659 1103 713 cro
1120 657 1155 713 ra
1171 653 1309 710 cacvu.

167 827 202 958 ᾗ
286 837 874 958 cuursrorrrour
925 843 1311 954 canuntur.

487 1081 863 1181 uuntrnrro
921 1081 1115 1176 nova
1178 1075 1183 1082 ·

395 1295 524 1392 uu
611 1264 1193 1387 tncrounu

285 1513 438 1726 laetata
458 1523 634 1616 editione,
652 1523 828 1603 benevole
842 1523 994 1615 letior,
1007 1521 1228 1628 Enrnorrurr
1243 1525 1313 1599 Lao

347 1626 462 1700 tinum
483 1645 564 1700 cum
588 1626 776 1717 Pannuro,
806 1621 1041 1720 metaphrasta
1067 1625 1232 1714 Graeco,
1256 1625 1315 1697 vi·

125 1745 128 1750 ·
287 1729 364 1798 dea.
391 1719 583 1822 Utriusque
596 1722 710 1801 cauffo
725 1725 825 1813 sunt,
836 1746 927 1822 quae
940 1745 1013 1798 non
1028 1721 1160 1796 nescire
1177 1741 1235 1810 te,
1249 1741 1314 1794 tua

288 1833 421 1920 aeque,
446 1842 551 1920 quarn
567 1840 665 1914 mea,
688 1843 776 1919 puto
794 1820 967 1897 interesse.
1017 1820 1113 1922 Quid
1129 1818 1314 1896 accellerit
1332 1865 1336 1870 -

287 1935 386 1996 nova
406 1918 583 2012 editione,
606 1940 666 1996 aut
690 1921 750 1995 illa
767 1919 990 1994 immutatum
1006 1918 1132 2006 luerit,
1184 1920 1314 1993 rirnunr

287 2019 383 2110 ribi,
408 2017 467 2094 sed
491 2019 666 2110 breviter,
696 2017 875 2093 indicabo.
923 2017 1086 2113 Eutropii
1107 1944 1314 2104 hidoriarn,

287 2107 523 2213 LatineJ‘ullu
542 2115 753 2206 Varenus,
778 2116 932 2190 Romani
943 2115 1182 2211 imperatoria,
1206 2113 1315 2210 scrip·
1431 2166 1432 2173 κ

238 2249 243 2262 ·
288 2227 384 2304 tarn,
410 2213 527 2289 denuo
539 2213 749 2306 emendavi,
773 2212 810 2288 dr
825 2216 1055 2309 cumoptirno
1070 2236 1209 2310 quoque
1223 2216 1317 2287 libro

288 2326 335 2386 ex
352 2328 458 2389 mauu
482 2307 618 2409 scriptis
639 2310 818 2411 euprello,
843 2309 882 2389 dt
904 2336 985 2388 curn
1003 2310 1083 2407 ipsra
1100 2313 1315 2407 manuscrip-

289 2422 408 2484 torum
432 2413 636 2509 excerptis,
670 2436 691 2485 a
714 2410 985 2509 diligentiffimia
1003 2410 1114 2501 viris,
1146 2412 1315 2501 Vincto,

287 2507 541 2598 dehonhovio,
565 2509 753 2607 Sylburgio
767 2508 916 2595 relidlio,
939 2506 1106 2585 industrie
1120 2509 1315 2599 contendi,

287 2622 352 2695 ut,
376 2606 471 2703 quod
493 2606 621 2705 ubique
640 2608 816 2704 optimum
838 2606 942 2694 ellet,
968 2605 1007 2681 dr
1023 2607 1167 2703 ingenio
1188 2609 1316 2680 Eutro·

287 2706 340 2803 pii
364 2706 568 2802 saeculoque
583 2727 653 2779 non
678 2706 859 2803 indigum,
883 2706 1093 2795 retinerem,
1121 2703 1255 2781 abscifis
1270 2728 1317 2779 ac

230 2878 232 2886 ,
286 2800 450 2897 rejeilis,
467 2828 555 2898 quae
572 2805 744 2901 sequiorer
762 2824 867 2879 notae
882 2824 1000 2878 erant:
1026 2824 1116 2899 quae
1131 2805 1246 2877 minut
1259 2806 1315 2876 su·

289 2896 427 2995 speria,
453 2919 571 2973 tamen
588 2902 714 2989 dubia;
739 2899 843 2998 fignia
858 2901 1008 2991 inclusa,
1035 2901 1199 2998 cujusque
1217 2902 1315 2998 judi·

288 2999 350 3071 eio
374 2998 617 3094 relinquerem.
671 2999 899 3091 lraaecidit,
923 3020 962 3073 ut
985 3002 1132 3075 criticae
1153 3002 1317 3073 Adnota-

289 3094 438 3189 tioner,
470 3096 649 3173 indicibus
673 3097 902 3191 praemiffae,
938 3092 1050 3172 multo
1074 3098 1316 3195 castigatiores

288 3208 402 3284 nunc,
424 3216 527 3291 quam
552 3195 659 3289 priori
681 3196 864 3285 editione,
887 3196 1079 3291 prodeant,
1106 3198 1235 3292 quibus
1255 3220 1315 3270 ra·

288 3290 423 3366 tionem
446 3292 717 3387 uniuscujusque
737 3292 917 3385 terrionis,
940 3294 1119 3393 avulgata
1137 3293 1315 3370 dillonan·

288 3389 358 3477 tis,
385 3392 560 3486 explicate
588 3392 689 3465 vider
713 3393 897 3467 redditam.
947 3394 1030 3467 Nec
1053 3394 1191 3483 minus,
1219 3416 1316 3489 quae

288 3484 475 3563 breuitatis
491 3487 722 3583 explicandae
738 3488 869 3578 ranila,
895 3494 950 3564 vel
967 3489 1185 3565 illustrandae
1203 3492 1314 3565 niuo-

240 3652 243 3659 .
286 3584 381 3674 riae,
406 3588 552 3683 pagellis
574 3585 713 3681 lingulis
729 3586 881 3683 subjedla
902 3606 1022 3677 erant3
1048 3609 1142 3664 nunc
1156 3590 1314 3684 locuple·

288 3686 399 3774 tiota,
433 3682 471 3759 dt
495 3686 735 3777 multipliciter
753 3684 912 3762 corteda
931 3689 1152 3763 exhibentur.
1204 3690 1315 3763 raea-

287 3779 384 3854 nium
402 3804 474 3855 non
491 3806 510 3855 e
528 3785 654 3869 latere,
679 3802 738 3871 ut,
764 3786 985 3880 Sylburgium
1003 3787 1187 3882 sequntur,
1209 3788 1314 3882 supe·

284 3878 370 3952 riori
388 3882 565 3969 editione,
590 3880 647 3954 sed
671 3880 763 3955 infra
784 3883 994 3977 Eutropium
1010 3886 1178 3959 Latinum
1199 3887 1312 3958 collu-

218 3981 221 3988 '
287 3980 387 4072 tavi,
412 3978 452 4055 dt
469 3982 605 4057 minore
620 3980 819 4059 cuaraiiere
834 3981 1004 4081 exprelii,
1029 4002 1180 4063 uterror
1194 3983 1312 4094 illoe-

292 4110 303 4139 ε
609 4118 633 4129 ··
1201 4102 1314 4181 rupta·
