<?xml version="1.0" encoding="UTF-8"?>
<!DOCTYPE html PUBLIC "-//W3C//DTD XHTML 1.0 Transitional//EN"
    "http://www.w3.org/TR/xhtml1/DTD/xhtml1-transitional.dtd">
<html xmlns="http://www.w3.org/1999/xhtml" xml:lang="en" lang="en">
 <head>
  <title>
</title>
<meta http-equiv="Content-Type" content="text/html;charset=utf-8" />
  <meta name='ocr-system' content='tesseract 3.04.00' />
  <meta name='ocr-capabilities' content='ocr_page ocr_carea ocr_par ocr_line ocrx_word'/>
</head>
<body>
  <div class='ocr_page' id='page_1' title='image "./eutropiibreviar01verhgoog/eutropiibreviar01verhgoog_0016.png"; bbox 0 0 2875 4650; ppageno 0'>
   <div class='ocr_carea' id='block_1_1' title="bbox 342 263 1153 373">
    <p class='ocr_par' dir='ltr' id='par_1_1' title="bbox 342 263 1153 373">
     <span class='ocr_line' id='line_1_1' title="bbox 342 263 1153 373; baseline -0.005 -16"><span class='ocrx_word' id='word_1_1' title='bbox 342 263 953 363; x_wconf 84' lang='lat' dir='ltr'><strong>DEDICATIO.</strong></span> <span class='ocrx_word' id='word_1_2' title='bbox 1107 301 1153 373; x_wconf 70' lang='lat' dir='ltr'><strong>,v</strong></span> 
     </span>
    </p>
   </div>
   <div class='ocr_carea' id='block_1_2' title="bbox 108 459 1297 2755">
    <p class='ocr_par' dir='ltr' id='par_1_2' title="bbox 108 459 1297 2755">
     <span class='ocr_line' id='line_1_2' title="bbox 108 459 1149 605; baseline 0.012 -42"><span class='ocrx_word' id='word_1_3' title='bbox 108 459 333 578; x_wconf 81' lang='lat' dir='ltr'><strong>excitant,</strong></span> <span class='ocrx_word' id='word_1_4' title='bbox 379 461 430 564; x_wconf 78' lang='grc' dir='ltr'><strong>ὅτ</strong></span> <span class='ocrx_word' id='word_1_5' title='bbox 466 488 747 596; x_wconf 89' lang='lat' dir='ltr'><strong>promovent.</strong></span> <span class='ocrx_word' id='word_1_6' title='bbox 822 462 934 594; x_wconf 92' lang='lat' dir='ltr'><strong>Quo</strong></span> <span class='ocrx_word' id='word_1_7' title='bbox 968 467 1149 605; x_wconf 85' lang='lat' dir='ltr'><strong>quidem</strong></span> 
     </span>
     <span class='ocr_line' id='line_1_3' title="bbox 116 610 1297 760; baseline 0.013 -47"><span class='ocrx_word' id='word_1_8' title='bbox 116 616 303 713; x_wconf 89' lang='lat' dir='ltr'><strong>nomine</strong></span> <span class='ocrx_word' id='word_1_9' title='bbox 330 610 414 748; x_wconf 87' lang='lat' dir='ltr'><strong>ipfi</strong></span> <span class='ocrx_word' id='word_1_10' title='bbox 444 614 684 748; x_wconf 79' lang='lat' dir='ltr'>Eutropius</span> <span class='ocrx_word' id='word_1_11' title='bbox 712 613 762 716; x_wconf 68' lang='grc' dir='ltr'><strong>δε</strong></span> <span class='ocrx_word' id='word_1_12' title='bbox 790 615 967 741; x_wconf 85' lang='lat' dir='ltr'><strong>Festus,</strong></span> <span class='ocrx_word' id='word_1_13' title='bbox 1002 621 1035 722; x_wconf 86' lang='lat' dir='ltr'><strong>st</strong></span> <span class='ocrx_word' id='word_1_14' title='bbox 1070 622 1150 760; x_wconf 89' lang='lat' dir='ltr'><strong>qui</strong></span> <span class='ocrx_word' id='word_1_15' title='bbox 1291 720 1297 728; x_wconf 82' lang='lat'><em>.</em></span> 
     </span>
     <span class='ocr_line' id='line_1_4' title="bbox 119 770 1149 911; baseline 0.009 -37"><span class='ocrx_word' id='word_1_16' title='bbox 119 778 318 874; x_wconf 87' lang='lat' dir='ltr'><strong>manium</strong></span> <span class='ocrx_word' id='word_1_17' title='bbox 354 770 534 892; x_wconf 76' lang='lat' dir='ltr'><strong>sensuS,</strong></span> <span class='ocrx_word' id='word_1_18' title='bbox 578 771 811 894; x_wconf 86' lang='lat' dir='ltr'><strong>nostrum,</strong></span> <span class='ocrx_word' id='word_1_19' title='bbox 854 811 987 911; x_wconf 88' lang='lat' dir='ltr'><strong>quam</strong></span> <span class='ocrx_word' id='word_1_20' title='bbox 1021 779 1149 890; x_wconf 73' lang='lat' dir='ltr'><strong>strum</strong></span> 
     </span>
     <span class='ocr_line' id='line_1_5' title="bbox 113 925 1147 1063; baseline 0.008 -39"><span class='ocrx_word' id='word_1_21' title='bbox 113 925 286 1026; x_wconf 83' lang='lat' dir='ltr'><strong>felicius</strong></span> <span class='ocrx_word' id='word_1_22' title='bbox 327 929 621 1059; x_wconf 80' lang='lat' dir='ltr'>praedicarent</span> <span class='ocrx_word' id='word_1_23' title='bbox 655 962 843 1048; x_wconf 87' lang='lat' dir='ltr'><strong>aevum,</strong></span> <span class='ocrx_word' id='word_1_24' title='bbox 879 932 952 1063; x_wconf 90' lang='lat' dir='ltr'><strong>qui</strong></span> <span class='ocrx_word' id='word_1_25' title='bbox 986 931 1147 1032; x_wconf 89' lang='lat' dir='ltr'><strong>Princi-</strong></span> 
     </span>
     <span class='ocr_line' id='line_1_6' title="bbox 112 1081 1149 1221; baseline 0.011 -44"><span class='ocrx_word' id='word_1_26' title='bbox 112 1083 158 1213; x_wconf 91' lang='lat' dir='ltr'><strong>pi</strong></span> <span class='ocrx_word' id='word_1_27' title='bbox 196 1085 406 1180; x_wconf 90' lang='lat' dir='ltr'><strong>omnium</strong></span> <span class='ocrx_word' id='word_1_28' title='bbox 451 1083 640 1182; x_wconf 91' lang='lat' dir='ltr'><strong>omnino</strong></span> <span class='ocrx_word' id='word_1_29' title='bbox 692 1081 942 1182; x_wconf 84' lang='lat' dir='ltr'><strong>Literarum</strong></span> <span class='ocrx_word' id='word_1_30' title='bbox 982 1091 1149 1221; x_wconf 82' lang='lat' dir='ltr'><strong>experti</strong></span> 
     </span>
     <span class='ocr_line' id='line_1_7' title="bbox 114 1235 1148 1379; baseline 0.014 -47"><span class='ocrx_word' id='word_1_31' title='bbox 114 1268 228 1366; x_wconf 86' lang='lat' dir='ltr'><strong>opus</strong></span> <span class='ocrx_word' id='word_1_32' title='bbox 269 1237 396 1334; x_wconf 82' lang='lat' dir='ltr'><strong>suum</strong></span> <span class='ocrx_word' id='word_1_33' title='bbox 433 1235 630 1336; x_wconf 77' lang='lat' dir='ltr'><strong>dedicare</strong></span> <span class='ocrx_word' id='word_1_34' title='bbox 666 1241 839 1357; x_wconf 71' lang='lat' dir='ltr'><strong>coabii,</strong></span> <span class='ocrx_word' id='word_1_35' title='bbox 888 1273 1014 1338; x_wconf 88' lang='lat' dir='ltr'><strong>nunc</strong></span> <span class='ocrx_word' id='word_1_36' title='bbox 1037 1279 1148 1379; x_wconf 87' lang='lat' dir='ltr'><strong>quot</strong></span> 
     </span>
     <span class='ocr_line' id='line_1_8' title="bbox 117 1385 1146 1526; baseline 0.011 -46"><span class='ocrx_word' id='word_1_37' title='bbox 117 1385 252 1484; x_wconf 85' lang='lat' dir='ltr'><strong>Viros</strong></span> <span class='ocrx_word' id='word_1_38' title='bbox 287 1391 330 1486; x_wconf 90' lang='lat' dir='ltr'><strong>in</strong></span> <span class='ocrx_word' id='word_1_39' title='bbox 363 1389 530 1521; x_wconf 73' lang='lat' dir='ltr'><strong>publica</strong></span> <span class='ocrx_word' id='word_1_40' title='bbox 563 1390 612 1488; x_wconf 87' lang='lat'>&amp;</span> <span class='ocrx_word' id='word_1_41' title='bbox 644 1388 825 1522; x_wconf 79' lang='lat' dir='ltr'><strong>literaria</strong></span> <span class='ocrx_word' id='word_1_42' title='bbox 852 1425 899 1488; x_wconf 92' lang='lat' dir='ltr'><strong>re</strong></span> <span class='ocrx_word' id='word_1_43' title='bbox 930 1395 1146 1526; x_wconf 80' lang='lat' dir='ltr'>principes</span> 
     </span>
     <span class='ocr_line' id='line_1_9' title="bbox 115 1539 1259 1674; baseline 0.005 -36"><span class='ocrx_word' id='word_1_44' title='bbox 115 1539 448 1658; x_wconf 89' lang='lat' dir='ltr'><strong>obfeoderent,</strong></span> <span class='ocrx_word' id='word_1_45' title='bbox 503 1540 658 1674; x_wconf 88' lang='lat' dir='ltr'><strong>quibus</strong></span> <span class='ocrx_word' id='word_1_46' title='bbox 723 1541 971 1644; x_wconf 85' lang='lat' dir='ltr'><strong>industriam</strong></span> <span class='ocrx_word' id='word_1_47' title='bbox 1027 1545 1147 1648; x_wconf 76' lang='lat' dir='ltr'><strong>suam</strong></span> <span class='ocrx_word' id='word_1_48' title='bbox 1254 1637 1259 1644; x_wconf 84' lang='lat'><em>.</em></span> 
     </span>
     <span class='ocr_line' id='line_1_10' title="bbox 114 1693 1149 1833; baseline 0.005 -39"><span class='ocrx_word' id='word_1_49' title='bbox 114 1697 301 1831; x_wconf 90' lang='lat' dir='ltr'><strong>probare</strong></span> <span class='ocrx_word' id='word_1_50' title='bbox 327 1693 522 1828; x_wconf 73' lang='lat' dir='ltr'><strong>possent!</strong></span> <span class='ocrx_word' id='word_1_51' title='bbox 563 1695 714 1823; x_wconf 88' lang='lat' dir='ltr'><strong>Quod·</strong></span> <span class='ocrx_word' id='word_1_52' title='bbox 733 1731 1022 1833; x_wconf 86' lang='lat' dir='ltr'><strong>quamquam,</strong></span> <span class='ocrx_word' id='word_1_53' title='bbox 1060 1705 1149 1799; x_wconf 88' lang='lat' dir='ltr'><strong>V1-</strong></span> 
     </span>
     <span class='ocr_line' id='line_1_11' title="bbox 116 1855 1147 1982; baseline 0.006 -30"><span class='ocrx_word' id='word_1_54' title='bbox 116 1883 192 1952; x_wconf 81' lang='lat' dir='ltr'><strong>ttt</strong></span> <span class='ocrx_word' id='word_1_55' title='bbox 216 1855 718 1970; x_wconf 73' lang='lat' dir='ltr'><strong>Caneaattttttttt,</strong></span> <span class='ocrx_word' id='word_1_56' title='bbox 756 1856 1013 1982; x_wconf 82' lang='lat' dir='ltr'>promittere</span> <span class='ocrx_word' id='word_1_57' title='bbox 1037 1857 1147 1958; x_wconf 81' lang='lat' dir='ltr'><strong>mibi</strong></span> 
     </span>
     <span class='ocr_line' id='line_1_12' title="bbox 116 2004 1145 2144; baseline 0.004 -42"><span class='ocrx_word' id='word_1_58' title='bbox 116 2039 211 2102; x_wconf 91' lang='lat' dir='ltr'><strong>non</strong></span> <span class='ocrx_word' id='word_1_59' title='bbox 238 2004 401 2120; x_wconf 87' lang='lat' dir='ltr'><strong>audeo,</strong></span> <span class='ocrx_word' id='word_1_60' title='bbox 421 2006 658 2140; x_wconf 83' lang='lat' dir='ltr'>quidquam</span> <span class='ocrx_word' id='word_1_61' title='bbox 683 2007 725 2101; x_wconf 86' lang='lat' dir='ltr'><strong>in</strong></span> <span class='ocrx_word' id='word_1_62' title='bbox 746 2007 1012 2141; x_wconf 84' lang='lat' dir='ltr'><strong>Scriptores,</strong></span> <span class='ocrx_word' id='word_1_63' title='bbox 1033 2045 1145 2144; x_wconf 86' lang='lat' dir='ltr'><strong>quos</strong></span> 
     </span>
     <span class='ocr_line' id='line_1_13' title="bbox 117 2155 1258 2276; baseline 0.01 -24"><span class='ocrx_word' id='word_1_64' title='bbox 117 2156 264 2256; x_wconf 80' lang='lat' dir='ltr'><strong>Vobis</strong></span> <span class='ocrx_word' id='word_1_65' title='bbox 288 2157 464 2257; x_wconf 84' lang='lat' dir='ltr'><strong>obferre</strong></span> <span class='ocrx_word' id='word_1_66' title='bbox 495 2155 736 2276; x_wconf 82' lang='lat' dir='ltr'><strong>substineo,</strong></span> <span class='ocrx_word' id='word_1_67' title='bbox 770 2193 892 2256; x_wconf 90' lang='lat' dir='ltr'><strong>ame</strong></span> <span class='ocrx_word' id='word_1_68' title='bbox 917 2161 1172 2262; x_wconf 77' lang='lat' dir='ltr'><strong>conlatum</strong></span> <span class='ocrx_word' id='word_1_69' title='bbox 1249 2185 1258 2202; x_wconf 81' lang='grc'><em>“</em></span> 
     </span>
     <span class='ocr_line' id='line_1_14' title="bbox 114 2311 1145 2449; baseline 0.005 -40"><span class='ocrx_word' id='word_1_70' title='bbox 114 2311 366 2445; x_wconf 80' lang='lat' dir='ltr'><strong>desperans,</strong></span> <span class='ocrx_word' id='word_1_71' title='bbox 403 2311 522 2449; x_wconf 84' lang='lat' dir='ltr'><strong>quod</strong></span> <span class='ocrx_word' id='word_1_72' title='bbox 558 2343 630 2411; x_wconf 88' lang='lat' dir='ltr'><strong>aut</strong></span> <span class='ocrx_word' id='word_1_73' title='bbox 666 2311 933 2433; x_wconf 82' lang='lat' dir='ltr'><strong>eruditione,</strong></span> <span class='ocrx_word' id='word_1_74' title='bbox 969 2348 1042 2415; x_wconf 89' lang='lat' dir='ltr'><strong>aut</strong></span> <span class='ocrx_word' id='word_1_75' title='bbox 1072 2317 1145 2414; x_wconf 88' lang='lat' dir='ltr'><strong>ad-</strong></span> 
     </span>
     <span class='ocr_line' id='line_1_15' title="bbox 113 2458 1141 2598; baseline 0.004 -36"><span class='ocrx_word' id='word_1_76' title='bbox 113 2468 314 2563; x_wconf 79' lang='lat' dir='ltr'><strong>tentione</strong></span> <span class='ocrx_word' id='word_1_77' title='bbox 352 2464 506 2565; x_wconf 79' lang='lat' dir='ltr'><strong>Vestra</strong></span> <span class='ocrx_word' id='word_1_78' title='bbox 541 2458 726 2598; x_wconf 82' lang='lat' dir='ltr'><strong>dignum</strong></span> <span class='ocrx_word' id='word_1_79' title='bbox 757 2464 837 2579; x_wconf 86' lang='lat' dir='ltr'><strong>stt,</strong></span> <span class='ocrx_word' id='word_1_80' title='bbox 882 2496 929 2562; x_wconf 89' lang='lat' dir='ltr'><strong>ut</strong></span> <span class='ocrx_word' id='word_1_81' title='bbox 966 2498 1141 2588; x_wconf 87' lang='lat' dir='ltr'><strong>tameo,</strong></span> 
     </span>
     <span class='ocr_line' id='line_1_16' title="bbox 114 2615 1141 2755; baseline -0.001 -40"><span class='ocrx_word' id='word_1_82' title='bbox 114 2618 323 2755; x_wconf 88' lang='lat' dir='ltr'><strong>quidquid</strong></span> <span class='ocrx_word' id='word_1_83' title='bbox 347 2620 418 2717; x_wconf 90' lang='lat' dir='ltr'><strong>hic</strong></span> <span class='ocrx_word' id='word_1_84' title='bbox 445 2620 653 2717; x_wconf 69' lang='lat' dir='ltr'><strong>&#39;mearum</strong></span> <span class='ocrx_word' id='word_1_85' title='bbox 678 2615 1026 2717; x_wconf 84' lang='lat' dir='ltr'><strong>lucubrationum</strong></span> <span class='ocrx_word' id='word_1_86' title='bbox 1059 2619 1141 2739; x_wconf 87' lang='lat' dir='ltr'><strong>stt,</strong></span> 
     </span>
    </p>
   </div>
   <div class='ocr_carea' id='block_1_3' title="bbox 117 2757 1312 2890">
    <p class='ocr_par' dir='ltr' id='par_1_3' title="bbox 117 2757 1312 2890">
     <span class='ocr_line' id='line_1_17' title="bbox 117 2757 1312 2890; baseline -0.021 -9"><span class='ocrx_word' id='word_1_87' title='bbox 117 2772 286 2874; x_wconf 84' lang='lat' dir='ltr'><strong>Vestris</strong></span> <span class='ocrx_word' id='word_1_88' title='bbox 327 2774 578 2873; x_wconf 86' lang='lat' dir='ltr'><strong>nominibus</strong></span> <span class='ocrx_word' id='word_1_89' title='bbox 620 2764 880 2890; x_wconf 78' lang='lat' dir='ltr'><strong>inscribam,</strong></span> <span class='ocrx_word' id='word_1_90' title='bbox 925 2768 1030 2870; x_wconf 87' lang='lat' dir='ltr'><strong>facit</strong></span> <span class='ocrx_word' id='word_1_91' title='bbox 1072 2810 1144 2872; x_wconf 87' lang='lat' dir='ltr'><strong>ae.</strong></span> <span class='ocrx_word' id='word_1_92' title='bbox 1187 2797 1210 2819; x_wconf 74' lang='grc'><strong>·’</strong></span> <span class='ocrx_word' id='word_1_93' title='bbox 1298 2757 1312 2810; x_wconf 71' lang='grc'><strong>··”</strong></span> 
     </span>
    </p>
   </div>
   <div class='ocr_carea' id='block_1_4' title="bbox 104 2925 1143 3840">
    <p class='ocr_par' dir='ltr' id='par_1_4' title="bbox 104 2925 1143 3840">
     <span class='ocr_line' id='line_1_18' title="bbox 113 2925 1143 3063; baseline 0 -38"><span class='ocrx_word' id='word_1_94' title='bbox 113 2962 256 3063; x_wconf 89' lang='lat' dir='ltr'><strong>quum</strong></span> <span class='ocrx_word' id='word_1_95' title='bbox 291 2926 494 3029; x_wconf 80' lang='lat' dir='ltr'><strong>Vestrum</strong></span> <span class='ocrx_word' id='word_1_96' title='bbox 526 2932 581 3025; x_wconf 84' lang='lat' dir='ltr'><strong>de</strong></span> <span class='ocrx_word' id='word_1_97' title='bbox 614 2925 761 3023; x_wconf 86' lang='lat' dir='ltr'><strong>alienis</strong></span> <span class='ocrx_word' id='word_1_98' title='bbox 790 2925 1030 3055; x_wconf 81' lang='lat' dir='ltr'><strong>judicium,</strong></span> <span class='ocrx_word' id='word_1_99' title='bbox 1065 2928 1143 3025; x_wconf 91' lang='lat' dir='ltr'><strong>de·</strong></span> 
     </span>
     <span class='ocr_line' id='line_1_19' title="bbox 115 3080 1140 3220; baseline 0 -37"><span class='ocrx_word' id='word_1_100' title='bbox 115 3120 201 3219; x_wconf 84' lang='lat' dir='ltr'><strong>que</strong></span> <span class='ocrx_word' id='word_1_101' title='bbox 238 3087 321 3203; x_wconf 84' lang='lat' dir='ltr'><strong>iis,</strong></span> <span class='ocrx_word' id='word_1_102' title='bbox 367 3087 444 3220; x_wconf 82' lang='lat' dir='ltr'><strong>qui</strong></span> <span class='ocrx_word' id='word_1_103' title='bbox 475 3082 746 3217; x_wconf 83' lang='lat' dir='ltr'><strong>politioribus</strong></span> <span class='ocrx_word' id='word_1_104' title='bbox 787 3080 1013 3215; x_wconf 84' lang='lat' dir='ltr'><strong>disciplinis</strong></span> <span class='ocrx_word' id='word_1_105' title='bbox 1049 3088 1140 3183; x_wconf 90' lang='lat' dir='ltr'><strong>ani·</strong></span> 
     </span>
     <span class='ocr_line' id='line_1_20' title="bbox 111 3235 1138 3359; baseline 0 -22"><span class='ocrx_word' id='word_1_106' title='bbox 111 3274 236 3337; x_wconf 90' lang='lat' dir='ltr'><strong>mum</strong></span> <span class='ocrx_word' id='word_1_107' title='bbox 266 3237 505 3355; x_wconf 83' lang='lat' dir='ltr'><strong>excolunt,</strong></span> <span class='ocrx_word' id='word_1_108' title='bbox 541 3235 879 3335; x_wconf 87' lang='lat' dir='ltr'><strong>benemerendi</strong></span> <span class='ocrx_word' id='word_1_109' title='bbox 913 3236 1138 3359; x_wconf 73' lang='lat' dir='ltr'><strong>voluntat,</strong></span> 
     </span>
     <span class='ocr_line' id='line_1_21' title="bbox 110 3387 1138 3531; baseline 0 -38"><span class='ocrx_word' id='word_1_110' title='bbox 110 3430 193 3531; x_wconf 86' lang='lat' dir='ltr'><strong>qua</strong></span> <span class='ocrx_word' id='word_1_111' title='bbox 220 3393 383 3527; x_wconf 82' lang='lat' dir='ltr'><strong>saepius</strong></span> <span class='ocrx_word' id='word_1_112' title='bbox 416 3390 526 3489; x_wconf 91' lang='lat' dir='ltr'><strong>mihi</strong></span> <span class='ocrx_word' id='word_1_113' title='bbox 554 3423 731 3525; x_wconf 88' lang='lat' dir='ltr'><strong>experta</strong></span> <span class='ocrx_word' id='word_1_114' title='bbox 764 3392 808 3488; x_wconf 90' lang='lat' dir='ltr'><strong>in</strong></span> <span class='ocrx_word' id='word_1_115' title='bbox 838 3387 960 3522; x_wconf 88' lang='lat' dir='ltr'><strong>spem</strong></span> <span class='ocrx_word' id='word_1_116' title='bbox 1001 3396 1138 3492; x_wconf 85' lang='lat' dir='ltr'><strong>venio</strong></span> 
     </span>
     <span class='ocr_line' id='line_1_22' title="bbox 107 3545 1139 3684; baseline -0.002 -32"><span class='ocrx_word' id='word_1_117' title='bbox 107 3554 225 3671; x_wconf 87' lang='lat' dir='ltr'><strong>fore,</strong></span> <span class='ocrx_word' id='word_1_118' title='bbox 247 3582 296 3650; x_wconf 91' lang='lat' dir='ltr'><strong>ut</strong></span> <span class='ocrx_word' id='word_1_119' title='bbox 322 3550 430 3649; x_wconf 90' lang='lat' dir='ltr'><strong>huic</strong></span> <span class='ocrx_word' id='word_1_120' title='bbox 450 3547 759 3684; x_wconf 85' lang='lat' dir='ltr'><strong>qualicumque</strong></span> <span class='ocrx_word' id='word_1_121' title='bbox 783 3548 906 3681; x_wconf 86' lang='lat' dir='ltr'><strong>operi</strong></span> <span class='ocrx_word' id='word_1_122' title='bbox 927 3545 1139 3650; x_wconf 78' lang='lat' dir='ltr'><strong>Vestrum</strong></span> 
     </span>
     <span class='ocr_line' id='line_1_23' title="bbox 104 3701 1140 3840; baseline -0.004 -35"><span class='ocrx_word' id='word_1_123' title='bbox 104 3738 191 3805; x_wconf 86' lang='lat' dir='ltr'><strong>oon</strong></span> <span class='ocrx_word' id='word_1_124' title='bbox 232 3702 500 3840; x_wconf 84' lang='lat' dir='ltr'><strong>denegaturi</strong></span> <span class='ocrx_word' id='word_1_125' title='bbox 539 3701 627 3803; x_wconf 84' lang='lat' dir='ltr'><strong>fitis</strong></span> <span class='ocrx_word' id='word_1_126' title='bbox 671 3703 1000 3820; x_wconf 84' lang='lat' dir='ltr'><strong>Patrocinium,</strong></span> <span class='ocrx_word' id='word_1_127' title='bbox 1046 3736 1140 3837; x_wconf 75' lang='lat' dir='ltr'><strong>quo</strong></span> 
     </span>
    </p>
   </div>
   <div class='ocr_carea' id='block_1_5' title="bbox 100 3860 1247 4153">
    <p class='ocr_par' dir='ltr' id='par_1_5' title="bbox 100 3860 1247 4153">
     <span class='ocr_line' id='line_1_24' title="bbox 100 3860 1141 4002; baseline -0.004 -37"><span class='ocrx_word' id='word_1_128' title='bbox 100 3861 296 3969; x_wconf 71' lang='lat' dir='ltr'><strong>adversita</strong></span> <span class='ocrx_word' id='word_1_129' title='bbox 330 3864 545 4002; x_wconf 87' lang='lat' dir='ltr'><strong>iniquum</strong></span> <span class='ocrx_word' id='word_1_130' title='bbox 587 3864 775 3987; x_wconf 86' lang='lat' dir='ltr'><strong>aliorum</strong></span> <span class='ocrx_word' id='word_1_131' title='bbox 806 3860 1013 3997; x_wconf 85' lang='lat' dir='ltr'><strong>judicium</strong></span> <span class='ocrx_word' id='word_1_132' title='bbox 1043 3860 1141 3963; x_wconf 82' lang='lat' dir='ltr'><strong>satis</strong></span> 
     </span>
     <span class='ocr_line' id='line_1_25' title="bbox 665 4014 1247 4153; baseline -0.022 -31"><span class='ocrx_word' id='word_1_133' title='bbox 665 4014 693 4153; x_wconf 90' lang='lat'><em>†</em></span> <span class='ocrx_word' id='word_1_134' title='bbox 731 4044 755 4141; x_wconf 84' lang='lat'><em>3</em></span> <span class='ocrx_word' id='word_1_135' title='bbox 1049 4022 1157 4115; x_wconf 74' lang='lat' dir='ltr'><strong>mu</strong></span> <span class='ocrx_word' id='word_1_136' title='bbox 1242 4122 1247 4133; x_wconf 52' lang='grc'>,</span> 
     </span>
    </p>
   </div>
   <div class='ocr_carea' id='block_1_6' title="bbox 0 0 1442 4650">
    <p class='ocr_par' dir='ltr' id='par_1_6' title="bbox 0 0 1442 4650">
     <span class='ocr_line' id='line_1_26' title="bbox 0 0 1442 4650; baseline 0 1"><span class='ocrx_word' id='word_1_137' title='bbox 0 0 1442 4650; x_wconf 95' lang='lat' dir='ltr'><strong> </strong></span> 
     </span>
    </p>
   </div>
  </div>
 </body>
</html>
