2875 4650
512 253 1139 347 DEDICATIONES

248 479 251 487 .
313 425 482 516 honorem
499 435 602 492 tanto
619 417 761 517 fastigio
777 415 922 512 dignum
942 416 1085 513 spirant.
1110 413 1343 490 Paludamona

312 545 389 596 tum
414 519 451 594 dt
472 543 568 596 arma
590 519 795 614 caelataque
817 514 852 588 in
868 515 1016 589 thorace
1031 533 1196 608 tropaea,
1214 517 1340 589 'Deaes

314 645 382 716 quc
394 619 583 692 statuentes
597 617 795 690 mansurum
811 615 1001 703 honorum,
1016 612 1239 686 victoriarum
1252 637 1339 686 con·

313 723 415 792 tinuo
439 719 536 790 cursu
559 715 703 790 felicem
732 713 902 788 denotant
925 714 1151 808 principem3
1184 711 1340 806 subjecta

313 817 450 893 ibidem
464 814 509 888 ad
527 814 732 888 umbilicum
750 813 911 900 Concha,
937 835 981 885 ex
999 810 1096 903 cujus
1110 809 1202 908 quasi
1219 813 1342 900 medio

315 915 424 1010 surgit
442 935 641 1008 tropaeum,
664 912 835 1008 respicere
850 911 938 984 mihi
954 910 1094 986 videtur
1113 930 1182 983 non
1200 926 1342 984 tantum

316 1013 360 1088 ad
385 1013 538 1085 nobilem
560 1013 673 1100 iliam,
700 1035 768 1108 qua
783 1011 846 1084 soii
858 1009 921 1083 sibi
938 1005 1171 1108 Reipublicae
1187 1007 1343 1102 potesta·

315 1125 390 1183 tem
410 1109 550 1187 offeruit
570 1130 724 1206 pugnam
747 1108 949 1196 Adbiacam,
975 1127 1098 1182 verum
1118 1105 1157 1179 dt
1171 1108 1213 1178 ad
1232 1129 1342 1202 gene·
1419 1169 1420 1174 ,

314 1210 362 1281 ris
377 1208 575 1304 originem,
603 1209 691 1282 mari
707 1229 844 1296 natam,
872 1210 1063 1282 Venerem.
1102 1207 1231 1278 Subtus
1246 1207 1342 1278 Her·

314 1307 404 1386 coiis
427 1331 547 1380 cernas
570 1308 726 1394 labores,
750 1307 809 1402 qui
829 1305 969 1402 quidem
987 1328 1111 1378 omnes
1124 1306 1212 1376 mito
1228 1304 1338 1380 artifi-

316 1409 377 1480 cio
400 1404 588 1478 militarem
608 1425 785 1497 occupant
806 1402 1017 1491 cincturam,
1049 1403 1261 1497 felicemque
1281 1426 1339 1474 re·

315 1526 392 1585 sum
411 1502 560 1592 statum,
577 1501 737 1577 monstris
755 1503 919 1578 omnibus
936 1500 1128 1588 exstinctis,
1144 1502 1339 1576 celebrant.

315 1600 509 1675 Exciderat
526 1623 618 1697 pene
640 1604 777 1690 animo,
805 1603 896 1698 quod
916 1605 950 1674 in
974 1603 1089 1698 capite
1109 1599 1240 1673 statuae
1259 1601 1337 1696 dig·

314 1699 812 1790 niffimumanimaduerfione
828 1698 937 1771 visum
961 1699 1021 1773 est.
1074 1701 1130 1771 Ad
1150 1721 1337 1794 utrumque

314 1804 455 1892 'tempus
470 1797 508 1871 dt
525 1821 664 1872 comam
688 1799 830 1872 verticis
846 1797 1017 1870 foramina
1032 1799 1128 1886 vidi,
1152 1794 1337 1870 vetustiffi·

207 1931 211 1948 ·
314 1897 382 1969 mis
400 1897 475 1990 jam
501 1901 715 1993 temporibus
740 1917 815 1970 arte
837 1896 1036 1980 elaborata;
1068 1896 1173 1970 subiit
1194 1894 1338 1980 statim,

315 1993 508 2068 inserviiffe
530 1997 688 2083 laureae,
712 2017 803 2091 quae
826 2017 870 2068 ex
888 2019 967 2067 aere
989 1994 1103 2082 fabia,
1129 1994 1184 2065 vel
1204 1995 1338 2090 pretio·

315 2091 405 2166 fiore
429 2095 592 2181 meta110,
619 2095 668 2166 ita
683 2095 789 2187 capiri
806 2095 905 2190 hujus
923 2093 1054 2166 statuae
1071 2094 1176 2166 suerit
1195 2091 1339 2184 adapta„

315 2205 365 2262 ta.
416 2191 463 2263 Et
484 2191 568 2263 olim
594 2191 735 2287 quidem
756 2193 893 2264 Romae
910 2207 1033 2288 togato
1053 2191 1184 2286 populo
1202 2189 1337 2283 specia-

316 2289 395 2362 bilis
411 2289 646 2385 temporibus,
670 2291 793 2386 quibus
814 2289 978 2364 Nobiiiff.
1004 2289 1190 2384 Reynstius
1210 2289 1259 2364 ibi
1274 2311 1339 2383 pe..

314 2388 577 2482 regrinabatur,
591 2410 695 2485 atque
713 2390 749 2461 io
766 2388 897 2463 nostras
912 2388 1110 2465 transvena
1125 2408 1338 2477 terras‚me÷

314 2485 385 2556 rito
403 2488 596 2583 principem
616 2488 732 2562 iocum
747 2488 838 2560 inter
847 2487 999 2562 Veliena
1009 2491 1245 2561 Monumenta
1258 2489 1338 2561 Vil-

312 2582 369 2655 lae
399 2585 681 2675 Papenbruchiae
702 2586 861 2659 obtinere
882 2584 1042 2675 videtur;
1067 2608 1111 2658 ex
1135 2586 1232 2681 cujus
1258 2586 1336 2681 jam

311 2681 456 2754 Porticu
479 2683 603 2758 relictis
620 2704 675 2756 tot
698 2685 831 2757 vetetis
853 2685 933 2758 aevi
954 2686 1208 2773 monumentis,
1234 2684 1336 2757 fidei·

312 2804 381 2874 que
395 2805 480 2853 vere
504 2786 656 2854 batavae
677 2780 887 2855 nobilissimo
910 2782 1136 2869 testimonio,
1163 2784 1256 2878 quod
1276 2806 1335 2855 ru·

312 2878 378 2960 bro
396 2879 522 2971 lapidi,
547 2879 608 2953 sed
622 2883 766 2975 antiquo
784 2880 820 2952 dt
832 2902 875 2954 err
892 2880 1070 2954 ruderibus
1087 2880 1336 2955 vetustissimae

311 2977 417 3048 Artis
436 2978 619 3051 Romanae
638 3001 747 3073 penes
764 2998 826 3051 nos
840 2978 987 3069 eff0ff0,
1011 2979 1159 3053 incisum
1180 2982 1335 3052 batavo-

312 3096 389 3145 rum
407 3074 515 3147 habet
531 3099 660 3149 nomen
681 3096 717 3148 ut
733 3079 889 3149 Fratrum
906 3094 1009 3169 atque
1022 3079 1224 3151 Amicorum
1240 3080 1332 3175 Imp.

311 3173 419 3245 Rom.
450 3197 675 3268 properamus
699 3174 857 3247 ad'aliud
874 3174 1117 3269 speciaculum.
1170 3178 1273 3249 Haec
1296 3200 1334 3248 e·

311 3272 386 3341 nim
401 3272 538 3361 omnia,
564 3298 668 3367 quern
682 3296 753 3345 non
770 3274 949 3369 vulgarem
973 3298 1086 3370 neque
1107 3273 1331 3349 festinantem

310 3372 490 3462 requirant
506 3372 662 3458 oculum,
689 3391 887 3459 merentur,
914 3374 1052 3449 uberius
1069 3374 1256 3471 aliquando
1274 3396 1329 3445 te·

309 3466 462 3555 censeri,
488 3466 525 3541 dt
548 3470 618 3541 aeri
643 3469 798 3563 expreiia
823 3470 933 3543 oculis
951 3472 1173 3545 Eruditorum
1193 3471 1330 3567 subjici.

308 3565 362 3634 Ut
384 3566 501 3660 itaque
526 3568 676 3662 primum
697 3568 815 3639 Aedes
831 3568 967 3665 ingredi
985 3568 1119 3659 sumus,
1145 3570 1331 3643 laetiffimo

307 3661 503 3754 spectaculo
523 3665 663 3755 pascere
694 3669 814 3737 oculos
838 3668 953 3739 licuit:
982 3669 1110 3763 ubique
1136 3668 1231 3741 enim
1258 3670 1330 3741 cla·

305 3760 511 3833 risiimorum
529 3765 564 3836 in
586 3766 693 3837 literis
710 3766 863 3836 virorum
887 3771 1001 3839 vultus
1021 3770 1274 3856 occurrebant,
1289 3768 1330 3839 il·

304 3857 398 3951 lique
413 3882 482 3931 non
498 3864 574 3936 rudi
587 3865 750 3955 penicillo
764 3864 929 3960 expreffi,
955 3866 1008 3937 vel
1028 3868 1070 3935 ab
1085 3866 1234 3961 ignobili
1255 3890 1328 3937 mae

305 3976 352 4050 pu
369 3958 539 4055 profecti,
565 3961 624 4050 scd
642 3964 792 4038 maxima
808 3986 885 4059 pars
903 3986 923 4053 a
938 3962 1162 4053 nobliliffimis
1183 3962 1329 4053 Pidiori·

1264 4066 1329 4153 bus
