2875 4650
389 227 936 308 TESTIMONIA.

144 381 370 479 compendio
390 382 472 456 satis
495 379 690 456 commodo
710 383 755 456 ab
772 379 945 478 Ευπορῑο
969 382 1183 468 οοηίὶτῐὲὶεε.

144 480 399 560 Dominarum
417 477 520 555 fuisse
536 481 766 575 Eutropium,
792 479 830 556 ἃ
850 481 959 556 multa
980 484 1183 582 eloquentia

151 579 326 676 scripsisse
338 597 436 676 putat
448 579 607 676 Iacobus
621 577 813 672 Philippus.
865 582 1186 677 Antiquumbillo·

151 679 380 777 riograplrum
387 677 545 773 appellat
554 677 765 752 Hincmarus
776 677 993 756 Rhemenlis.
1011 681 1181 761 Atscno·

155 781 283 852 novius
302 799 373 850 nou
398 801 480 850 eum
504 777 599 849 inter
620 775 785 872 antiquos
807 776 993 868 recenset3
1016 777 1075 854 sed
1097 781 1185 856 licet

66 899 71 908 ·
154 872 282 974 scripfit
295 873 490 968 posterius,
516 897 632 970 neque
650 892 793 962 tamen,
815 873 953 972 inquit,
978 877 1094 954 minor
1108 881 1183 956 eln-

152 975 315 1074 quentia3
324 970 506 1070 &judicio
517 973 625 1068 eriam
636 971 867 1068 superioribus
882 972 948 1048 suit
959 975 1183 1052 eminentior.

149 1075 240 1146 Sane
254 1072 380 1168 quanti
397 1097 480 1145 eum
499 1071 631 1145 Graeci
645 1069 817 1160 fecerint,
843 1070 900 1144 vel
916 1093 1124 1170 argumento
1138 1077 1183 1150 il·

148 1170 218 1244 lud
234 1174 326 1256 erit,
360 1171 458 1268 quod
488 1171 644 1266 Capito,
676 1165 714 1242 ἃ
742 1169 939 1260 Paeanius‚
971 1171 1181 1267 Eutropiani

149 1268 356 1364 compendii
385 1266 621 1362 metaphrasin
652 1267 792 1342 Graece
819 1267 1029 1364 scripserint.
1079 1270 1182 1346 Duae

63 1389 100 1437 x
151 1369 234 1440 lunt
258 1387 376 1440 autem
400 1367 548 1440 omnino
573 1390 654 1452 res,
679 1363 946 1461 quae'samam,
972 1365 1009 1440 ὅι
1033 1368 1183 1464 gloriam

148 1462 378 1557 scriptoribus
396 1463 588 1537 conciliare
609 1463 762 1552 soleant,
787 1461 864 1536 liin
884 1466 1016 1539 alienas
1034 1465 1183 1540 transse-

145 1583 268 1638 rantur
287 1565 448 1660 linguas,
473 1559 566 1658 srque
587 1561 934 1659 interpretationibus
956 1561 1181 1640 illustrentur.

200 1761 289 1832 Aur.
308 1757 494 1856 Poffeur’nrrs
511 1761 545 1838 ira
563 1757 615 1854 Ap
638 1773 736 1830 aratu
760 1755 805 1830 ud
826 1759 964 1832 omniurn
984 1763 1131 1854 gentium

475 1855 586 1955 histor.
612 1777 644 1956 ἔ.
661 1856 728 1930 lll.
752 1879 782 1928 c.
802 1877 860 1950 35.

208 2043 337 2122 Minus
351 2049 483 2147 quidem
506 2051 670 2148 elegans,
696 2049 755 2126 sed
773 2073 854 2124 cum
872 2073 916 2123 ex
934 2047 1037 2124 Lirio
1053 2049 1090 2126 oz
1111 2053 1183 2128 Sal·

148 2145 265 2222 lustin
289 2171 346 2221 res
366 2151 463 2222 nobis
488 2173 583 2224 nunc
615 2147 757 2244 ignotas
793 2148 1034 2243 decerpserit,
1072 2149 1111 2225 ἃ
1144 2176 1184 2226 0·

147 2245 481 2444 'sigisinh'istmim
510 2247 712 2325 Romanam
737 2243 809 2323 occ.
836 2245 991 2345 utsupra
1015 2251 1051 2323 in
1074 2252 1183 2348 urrlrir

175 2544 288 2619 Mica.
311 2534 635 2648 Pictanus-Decede
651 2540 756 2619 xvi.
780 2540 970 2640 Observarr.
995 2538 1173 2643 intorno-'-
1240 2636 1244 2645 Ι

512 2644 719 2740 politicarum
742 2666 770 2747 r.
791 2664 823 2715 1.

207 2836 347 2934 Legem
367 2860 490 2935 nuper·
503 2838 541 2913 in
565 2836 760 2935 Eutropio,
786 2830 1101 2945 (quibreviarium
1127 2830 1181 2908 lri·

148 2928 285 3011 sturiae
315 2936 499 3012 Romanae
528 2936 630 3011 nobis
655 2936 817 3035 reliquit,
843 2956 1012 3008 annorum
1037 2932 1181 3029 quidem

148 3056 265 3109 sacar.
286 3035 465 3111 succinera
480 3036 562 3109 sane
580 3032 825 3130 concinnaque
841 3034 1036 3119 brevitate,
1065 3029 1110 3103 fic
1129 3048 1182 3104 ta·

149 3157 253 3223 meu,
280 3152 321 3207 ur
335 3134 424 3207 nihil
440 3158 501 3231 per
518 3156 563 3207 ea
578 3152 740 3229 tempora
757 3130 926 3207 acciderit
945 3152 1036 3224 pene
1056 3130 1098 3202 in
1111 3130 1181 3201 lm·

149 3234 253 3330 perio
273 3232 470 3321 Romano,
494 3228 588 3327 quod
611 3254 682 3305 non
703 3228 865 3329 diligenti
890 3228 940 3304 illi
965 3224 1098 3301 auctori
1119 3227 1180 3331 vel

144 3332 259 3406 tribus
272 3330 400 3505 [ἔξω
411 3332 529 3408 verbis
543 3328 719 3431 notatum)
737 3326 848 3407 incidi
862 3328 900 3403 iu
909 3324 1089 3401 historiam
1097 3324 1135 3401 N
1139 3346 1180 3400 u·

146 3452 250 3523 mae,
339 3482 352 3503 .

169 3627 295 3704 Meric.
324 3620 531 3723 casaubonus
554 3620 822 3799 lnAYefllmonir'r
844 3624 881 3701 dr
905 3620 1023 3699 Marco
1042 3624 1157 3702 Aurrl.

557 3756 564 3769 ·
612 3744 759 3800 murrum.

197 3920 323 4001 Suirlar
340 3925 381 4000 iu
400 3941 484 3999 noc.
498 3916 621 4022 uolgus
634 3920 702 4065 ῑὲἰέ
715 3920 856 4113 ἐίξοὲία
872 3916 1087 3999 diversorum
1099 3916 1182 4115 (ἑτέ
1225 3988 1228 3994 Δ
