<?xml version="1.0" encoding="UTF-8"?>
<!DOCTYPE html PUBLIC "-//W3C//DTD XHTML 1.0 Transitional//EN"
    "http://www.w3.org/TR/xhtml1/DTD/xhtml1-transitional.dtd">
<html xmlns="http://www.w3.org/1999/xhtml" xml:lang="en" lang="en">
 <head>
  <title>
</title>
<meta http-equiv="Content-Type" content="text/html;charset=utf-8" />
  <meta name='ocr-system' content='tesseract 3.04.00' />
  <meta name='ocr-capabilities' content='ocr_page ocr_carea ocr_par ocr_line ocrx_word'/>
</head>
<body>
  <div class='ocr_page' id='page_1' title='image "./eutropiibreviar01verhgoog/eutropiibreviar01verhgoog_0104.png"; bbox 0 0 2875 4650; ppageno 0'>
   <div class='ocr_carea' id='block_1_1' title="bbox 269 271 1030 356">
    <p class='ocr_par' dir='ltr' id='par_1_1' title="bbox 269 271 1030 356">
     <span class='ocr_line' id='line_1_1' title="bbox 269 271 1030 356; baseline 0 -1"><span class='ocrx_word' id='word_1_1' title='bbox 269 294 332 356; x_wconf 72' lang='grc' dir='ltr'>ῑτ</span> <span class='ocrx_word' id='word_1_2' title='bbox 379 271 1030 354; x_wconf 82' lang='lat' dir='ltr'>PRAEFATIONES.</span> 
     </span>
    </p>
   </div>
   <div class='ocr_carea' id='block_1_2' title="bbox 126 426 1165 1316">
    <p class='ocr_par' dir='ltr' id='par_1_2' title="bbox 126 426 1165 1316">
     <span class='ocr_line' id='line_1_2' title="bbox 126 426 1164 530; baseline 0.008 -24"><span class='ocrx_word' id='word_1_3' title='bbox 126 431 281 515; x_wconf 84' lang='lat' dir='ltr'>tendam</span> <span class='ocrx_word' id='word_1_4' title='bbox 292 431 329 504; x_wconf 88' lang='lat' dir='ltr'>in</span> <span class='ocrx_word' id='word_1_5' title='bbox 346 453 387 504; x_wconf 85' lang='lat' dir='ltr'>eo</span> <span class='ocrx_word' id='word_1_6' title='bbox 397 426 1164 530; x_wconf 64' lang='lat' dir='ltr'>Auctoreoperamposuit,variamquesuam</span> 
     </span>
     <span class='ocr_line' id='line_1_3' title="bbox 131 527 1163 626; baseline 0.004 -22"><span class='ocrx_word' id='word_1_7' title='bbox 131 529 177 604; x_wconf 71' lang='lat' dir='ltr'>Sc</span> <span class='ocrx_word' id='word_1_8' title='bbox 198 529 355 602; x_wconf 81' lang='lat' dir='ltr'>diffusam</span> <span class='ocrx_word' id='word_1_9' title='bbox 369 527 609 602; x_wconf 88' lang='lat' dir='ltr'>eruditionem</span> <span class='ocrx_word' id='word_1_10' title='bbox 626 528 754 624; x_wconf 92' lang='lat' dir='ltr'>ubique</span> <span class='ocrx_word' id='word_1_11' title='bbox 768 527 947 604; x_wconf 80' lang='lat' dir='ltr'>ostendit·</span> <span class='ocrx_word' id='word_1_12' title='bbox 970 533 1163 626; x_wconf 77' lang='lat' dir='ltr'>Cellarius,¹</span> 
     </span>
     <span class='ocr_line' id='line_1_4' title="bbox 137 625 1164 721; baseline 0.003 -18"><span class='ocrx_word' id='word_1_13' title='bbox 137 631 389 703; x_wconf 85' lang='lat' dir='ltr'>Germanorum</span> <span class='ocrx_word' id='word_1_14' title='bbox 403 626 454 700; x_wconf 90' lang='lat' dir='ltr'>sui</span> <span class='ocrx_word' id='word_1_15' title='bbox 469 627 644 721; x_wconf 82' lang='lat' dir='ltr'>temporis</span> <span class='ocrx_word' id='word_1_16' title='bbox 657 625 955 721; x_wconf 83' lang='lat' dir='ltr'>judiciosrffimus,</span> <span class='ocrx_word' id='word_1_17' title='bbox 968 630 1021 705; x_wconf 89' lang='lat' dir='ltr'>bis</span> <span class='ocrx_word' id='word_1_18' title='bbox 1038 635 1164 706; x_wconf 86' lang='lat' dir='ltr'>Eutro-</span> 
     </span>
     <span class='ocr_line' id='line_1_5' title="bbox 140 725 1163 832; baseline 0.011 -33"><span class='ocrx_word' id='word_1_19' title='bbox 140 730 236 832; x_wconf 83' lang='lat' dir='ltr'>pium</span> <span class='ocrx_word' id='word_1_20' title='bbox 246 726 378 816; x_wconf 86' lang='lat' dir='ltr'>edidit,</span> <span class='ocrx_word' id='word_1_21' title='bbox 395 727 502 800; x_wconf 85' lang='lat' dir='ltr'>Cizae</span> <span class='ocrx_word' id='word_1_22' title='bbox 520 725 673 820; x_wconf 84' lang='lat' dir='ltr'>primum</span> <span class='ocrx_word' id='word_1_23' title='bbox 688 748 778 798; x_wconf 87' lang='lat' dir='ltr'>anno</span> <span class='ocrx_word' id='word_1_24' title='bbox 792 734 895 819; x_wconf 83' lang='lat'>1678.</span> <span class='ocrx_word' id='word_1_25' title='bbox 911 729 1039 804; x_wconf 88' lang='lat' dir='ltr'>deinde</span> <span class='ocrx_word' id='word_1_26' title='bbox 1050 733 1163 830; x_wconf 82' lang='lat' dir='ltr'>Jenae</span> 
     </span>
     <span class='ocr_line' id='line_1_6' title="bbox 144 821 1161 920; baseline 0.006 -22"><span class='ocrx_word' id='word_1_27' title='bbox 144 833 241 920; x_wconf 80' lang='lat'>1726.</span> <span class='ocrx_word' id='word_1_28' title='bbox 256 824 370 905; x_wconf 66' lang='lat' dir='ltr'>doctis</span> <span class='ocrx_word' id='word_1_29' title='bbox 385 823 590 898; x_wconf 81' lang='lat' dir='ltr'>illustratum</span> <span class='ocrx_word' id='word_1_30' title='bbox 605 821 941 900; x_wconf 81' lang='lat' dir='ltr'>notis&amp;Variarurn</span> <span class='ocrx_word' id='word_1_31' title='bbox 950 828 1161 904; x_wconf 69' lang='lat' dir='ltr'>Lectionum</span> 
     </span>
     <span class='ocr_line' id='line_1_7' title="bbox 141 922 1163 1022; baseline 0.005 -24"><span class='ocrx_word' id='word_1_32' title='bbox 141 925 251 998; x_wconf 82' lang='lat' dir='ltr'>addito</span> <span class='ocrx_word' id='word_1_33' title='bbox 268 924 451 997; x_wconf 84' lang='lat' dir='ltr'>examine.</span> <span class='ocrx_word' id='word_1_34' title='bbox 478 922 655 1019; x_wconf 85' lang='lat' dir='ltr'>Adjunxit</span> <span class='ocrx_word' id='word_1_35' title='bbox 672 923 765 997; x_wconf 86' lang='lat' dir='ltr'>idem</span> <span class='ocrx_word' id='word_1_36' title='bbox 784 924 923 998; x_wconf 73' lang='lat' dir='ltr'>Paeonii</span> <span class='ocrx_word' id='word_1_37' title='bbox 937 928 1163 1022; x_wconf 79' lang='lat' dir='ltr'>Metrophra·</span> 
     </span>
     <span class='ocr_line' id='line_1_8' title="bbox 135 1021 1163 1123; baseline 0.004 -25"><span class='ocrx_word' id='word_1_38' title='bbox 135 1022 179 1099; x_wconf 81' lang='lat' dir='ltr'>fin</span> <span class='ocrx_word' id='word_1_39' title='bbox 202 1024 407 1110; x_wconf 81' lang='lat' dir='ltr'>Graecam,</span> <span class='ocrx_word' id='word_1_40' title='bbox 432 1041 640 1116; x_wconf 66' lang='lat' dir='ltr'>excerptam</span> <span class='ocrx_word' id='word_1_41' title='bbox 661 1043 705 1099; x_wconf 76' lang='lat' dir='ltr'>ex</span> <span class='ocrx_word' id='word_1_42' title='bbox 724 1021 881 1096; x_wconf 85' lang='lat' dir='ltr'>editione</span> <span class='ocrx_word' id='word_1_43' title='bbox 900 1023 1068 1102; x_wconf 89' lang='lat' dir='ltr'>Friderici</span> <span class='ocrx_word' id='word_1_44' title='bbox 1088 1031 1163 1123; x_wconf 79' lang='lat' dir='ltr'>syt-</span> 
     </span>
     <span class='ocr_line' id='line_1_9' title="bbox 132 1120 1165 1220; baseline 0.007 -27"><span class='ocrx_word' id='word_1_45' title='bbox 132 1123 261 1217; x_wconf 82' lang='lat' dir='ltr'>burgii3</span> <span class='ocrx_word' id='word_1_46' title='bbox 286 1121 350 1216; x_wconf 92' lang='lat' dir='ltr'>qui</span> <span class='ocrx_word' id='word_1_47' title='bbox 376 1121 525 1214; x_wconf 88' lang='lat' dir='ltr'>quidem</span> <span class='ocrx_word' id='word_1_48' title='bbox 548 1122 700 1194; x_wconf 83' lang='lat' dir='ltr'>maxima</span> <span class='ocrx_word' id='word_1_49' title='bbox 724 1120 825 1192; x_wconf 84' lang='lat' dir='ltr'>tande</span> <span class='ocrx_word' id='word_1_50' title='bbox 850 1121 997 1215; x_wconf 84' lang='lat' dir='ltr'>dignus,</span> <span class='ocrx_word' id='word_1_51' title='bbox 1030 1128 1165 1220; x_wconf 85' lang='lat' dir='ltr'>gloriae</span> 
     </span>
     <span class='ocr_line' id='line_1_10' title="bbox 127 1219 1163 1316; baseline 0.012 -26"><span class='ocrx_word' id='word_1_52' title='bbox 127 1221 220 1301; x_wconf 86' lang='lat' dir='ltr'>inter</span> <span class='ocrx_word' id='word_1_53' title='bbox 237 1243 366 1292; x_wconf 86' lang='lat' dir='ltr'>omnes</span> <span class='ocrx_word' id='word_1_54' title='bbox 385 1219 534 1291; x_wconf 90' lang='lat' dir='ltr'>minime</span> <span class='ocrx_word' id='word_1_55' title='bbox 559 1221 701 1308; x_wconf 88' lang='lat' dir='ltr'>avidus,</span> <span class='ocrx_word' id='word_1_56' title='bbox 728 1220 832 1314; x_wconf 81' lang='lat' dir='ltr'>longe</span> <span class='ocrx_word' id='word_1_57' title='bbox 849 1221 963 1316; x_wconf 81' lang='lat' dir='ltr'>primo</span> <span class='ocrx_word' id='word_1_58' title='bbox 981 1221 1060 1295; x_wconf 89' lang='lat' dir='ltr'>luco</span> <span class='ocrx_word' id='word_1_59' title='bbox 1076 1228 1163 1302; x_wconf 78' lang='lat' dir='ltr'>mini</span> 
     </span>
    </p>
   </div>
   <div class='ocr_carea' id='block_1_3' title="bbox 130 1315 1268 1416">
    <p class='ocr_par' dir='ltr' id='par_1_3' title="bbox 130 1315 1268 1416">
     <span class='ocr_line' id='line_1_11' title="bbox 130 1315 1268 1416; baseline 0.004 -27"><span class='ocrx_word' id='word_1_60' title='bbox 130 1317 245 1390; x_wconf 84' lang='lat' dir='ltr'>fuerat</span> <span class='ocrx_word' id='word_1_61' title='bbox 265 1318 622 1405; x_wconf 87' lang='lat' dir='ltr'>commemorandus,</span> <span class='ocrx_word' id='word_1_62' title='bbox 645 1315 671 1390; x_wconf 83' lang='lat' dir='ltr'><strong>fi</strong></span> <span class='ocrx_word' id='word_1_63' title='bbox 687 1317 732 1391; x_wconf 91' lang='lat' dir='ltr'>de</span> <span class='ocrx_word' id='word_1_64' title='bbox 749 1317 882 1391; x_wconf 85' lang='lat' dir='ltr'>meritis</span> <span class='ocrx_word' id='word_1_65' title='bbox 900 1319 1057 1414; x_wconf 86' lang='lat' dir='ltr'>ejusdem</span> <span class='ocrx_word' id='word_1_66' title='bbox 1070 1323 1163 1416; x_wconf 84' lang='lat' dir='ltr'>judi·</span> <span class='ocrx_word' id='word_1_67' title='bbox 1265 1336 1268 1362; x_wconf 70' lang='lat'>³</span> 
     </span>
    </p>
   </div>
   <div class='ocr_carea' id='block_1_4' title="bbox 110 1413 1227 4065">
    <p class='ocr_par' dir='ltr' id='par_1_4' title="bbox 110 1413 1227 4065">
     <span class='ocr_line' id='line_1_12' title="bbox 131 1413 1162 1516; baseline 0.004 -27"><span class='ocrx_word' id='word_1_68' title='bbox 131 1420 223 1489; x_wconf 91' lang='lat' dir='ltr'>cium</span> <span class='ocrx_word' id='word_1_69' title='bbox 238 1415 335 1490; x_wconf 83' lang='lat' dir='ltr'>ferre</span> <span class='ocrx_word' id='word_1_70' title='bbox 350 1414 554 1496; x_wconf 83' lang='lat' dir='ltr'>institutum</span> <span class='ocrx_word' id='word_1_71' title='bbox 575 1413 679 1488; x_wconf 84' lang='lat' dir='ltr'>foret.</span> <span class='ocrx_word' id='word_1_72' title='bbox 718 1415 853 1488; x_wconf 80' lang='lat' dir='ltr'>Verum</span> <span class='ocrx_word' id='word_1_73' title='bbox 877 1441 983 1512; x_wconf 90' lang='lat' dir='ltr'>quum</span> <span class='ocrx_word' id='word_1_74' title='bbox 993 1419 1067 1512; x_wconf 87' lang='lat' dir='ltr'>jam</span> <span class='ocrx_word' id='word_1_75' title='bbox 1081 1445 1162 1516; x_wconf 86' lang='lat' dir='ltr'>aga-</span> 
     </span>
     <span class='ocr_line' id='line_1_13' title="bbox 130 1514 1162 1610; baseline 0.005 -22"><span class='ocrx_word' id='word_1_76' title='bbox 130 1540 204 1588; x_wconf 86' lang='lat' dir='ltr'>mus</span> <span class='ocrx_word' id='word_1_77' title='bbox 221 1517 266 1591; x_wconf 88' lang='lat' dir='ltr'>de</span> <span class='ocrx_word' id='word_1_78' title='bbox 289 1517 385 1602; x_wconf 80' lang='lat' dir='ltr'>iilis,</span> <span class='ocrx_word' id='word_1_79' title='bbox 410 1516 469 1610; x_wconf 93' lang='lat' dir='ltr'>qui</span> <span class='ocrx_word' id='word_1_80' title='bbox 494 1515 661 1609; x_wconf 86' lang='lat' dir='ltr'>Eutropii</span> <span class='ocrx_word' id='word_1_81' title='bbox 684 1514 838 1586; x_wconf 84' lang='lat' dir='ltr'>libellum</span> <span class='ocrx_word' id='word_1_82' title='bbox 858 1514 1070 1610; x_wconf 86' lang='lat' dir='ltr'>separatim,</span> <span class='ocrx_word' id='word_1_83' title='bbox 1100 1522 1162 1593; x_wconf 75' lang='lat' dir='ltr'>tite</span> 
     </span>
     <span class='ocr_line' id='line_1_14' title="bbox 128 1611 1159 1712; baseline 0.003 -25"><span class='ocrx_word' id='word_1_84' title='bbox 128 1639 214 1687; x_wconf 85' lang='lat' dir='ltr'>vero</span> <span class='ocrx_word' id='word_1_85' title='bbox 235 1616 273 1688; x_wconf 93' lang='lat' dir='ltr'>in</span> <span class='ocrx_word' id='word_1_86' title='bbox 295 1612 490 1686; x_wconf 87' lang='lat' dir='ltr'>numerosa</span> <span class='ocrx_word' id='word_1_87' title='bbox 506 1637 611 1712; x_wconf 90' lang='lat' dir='ltr'>quam</span> <span class='ocrx_word' id='word_1_88' title='bbox 631 1611 781 1685; x_wconf 89' lang='lat' dir='ltr'>instituit</span> <span class='ocrx_word' id='word_1_89' title='bbox 798 1615 1021 1706; x_wconf 88' lang='lat' dir='ltr'>plurimorum</span> <span class='ocrx_word' id='word_1_90' title='bbox 1038 1615 1159 1690; x_wconf 72' lang='lat' dir='ltr'>Histo.</span> 
     </span>
     <span class='ocr_line' id='line_1_15' title="bbox 124 1706 1160 1808; baseline 0.005 -25"><span class='ocrx_word' id='word_1_91' title='bbox 124 1714 280 1784; x_wconf 85' lang='lat' dir='ltr'>ricorurn</span> <span class='ocrx_word' id='word_1_92' title='bbox 299 1710 546 1801; x_wconf 70' lang='lat' dir='ltr'>Colleciione‚</span> <span class='ocrx_word' id='word_1_93' title='bbox 571 1711 695 1808; x_wconf 87' lang='lat' dir='ltr'>quibus</span> <span class='ocrx_word' id='word_1_94' title='bbox 713 1706 752 1782; x_wconf 79' lang='grc' dir='ltr'>δι</span> <span class='ocrx_word' id='word_1_95' title='bbox 771 1711 980 1806; x_wconf 84' lang='lat' dir='ltr'>Eutropium</span> <span class='ocrx_word' id='word_1_96' title='bbox 995 1716 1160 1808; x_wconf 84' lang='lat' dir='ltr'>inseruit,</span> 
     </span>
     <span class='ocr_line' id='line_1_16' title="bbox 125 1807 1160 1907; baseline 0.007 -25"><span class='ocrx_word' id='word_1_97' title='bbox 125 1811 328 1906; x_wconf 84' lang='lat' dir='ltr'>pleniffime</span> <span class='ocrx_word' id='word_1_98' title='bbox 345 1813 393 1884; x_wconf 89' lang='lat' dir='ltr'>de</span> <span class='ocrx_word' id='word_1_99' title='bbox 405 1811 569 1890; x_wconf 89' lang='lat' dir='ltr'>omnibus</span> <span class='ocrx_word' id='word_1_100' title='bbox 591 1809 630 1884; x_wconf 82' lang='lat' dir='ltr'>fit</span> <span class='ocrx_word' id='word_1_101' title='bbox 651 1807 818 1899; x_wconf 87' lang='lat' dir='ltr'>meritus,</span> <span class='ocrx_word' id='word_1_102' title='bbox 842 1813 929 1888; x_wconf 81' lang='lat' dir='ltr'>alios</span> <span class='ocrx_word' id='word_1_103' title='bbox 945 1812 1160 1907; x_wconf 84' lang='lat' dir='ltr'>potifflmuru</span> 
     </span>
     <span class='ocr_line' id='line_1_17' title="bbox 129 1933 1152 2006; baseline -0.001 -24"><span class='ocrx_word' id='word_1_104' title='bbox 129 1933 414 1994; x_wconf 82' lang='lat' dir='ltr'>enumeramus.¹</span> <span class='ocrx_word' id='word_1_105' title='bbox 947 1976 951 1985; x_wconf 82' lang='lat'><strong><em>‚</em></strong></span> <span class='ocrx_word' id='word_1_106' title='bbox 1149 1999 1152 2006; x_wconf 26' lang='grc' dir='ltr'>Ι</span> 
     </span>
     <span class='ocr_line' id='line_1_18' title="bbox 183 2005 1158 2098; baseline 0.006 -20"><span class='ocrx_word' id='word_1_107' title='bbox 183 2007 266 2080; x_wconf 88' lang='lat' dir='ltr'>Post</span> <span class='ocrx_word' id='word_1_108' title='bbox 277 2008 345 2080; x_wconf 90' lang='lat' dir='ltr'>hos</span> <span class='ocrx_word' id='word_1_109' title='bbox 361 2030 480 2082; x_wconf 88' lang='lat' dir='ltr'>omnes</span> <span class='ocrx_word' id='word_1_110' title='bbox 494 2010 554 2081; x_wconf 86' lang='lat' dir='ltr'>vir</span> <span class='ocrx_word' id='word_1_111' title='bbox 574 2005 794 2080; x_wconf 62' lang='lat' dir='ltr'>Doctissirnus</span> <span class='ocrx_word' id='word_1_112' title='bbox 811 2005 973 2084; x_wconf 79' lang='lat' dir='ltr'>Thomas</span> <span class='ocrx_word' id='word_1_113' title='bbox 990 2009 1158 2098; x_wconf 87' lang='lat' dir='ltr'>Hearne,</span> 
     </span>
     <span class='ocr_line' id='line_1_19' title="bbox 122 2105 1159 2200; baseline 0.004 -22"><span class='ocrx_word' id='word_1_114' title='bbox 122 2105 339 2193; x_wconf 80' lang='lat' dir='ltr'>Britannus,</span> <span class='ocrx_word' id='word_1_115' title='bbox 356 2109 486 2180; x_wconf 79' lang='lat' dir='ltr'>Ouonii</span> <span class='ocrx_word' id='word_1_116' title='bbox 499 2129 594 2180; x_wconf 89' lang='lat' dir='ltr'>anno</span> <span class='ocrx_word' id='word_1_117' title='bbox 612 2129 715 2200; x_wconf 78' lang='lat'>1703.</span> <span class='ocrx_word' id='word_1_118' title='bbox 750 2105 1063 2180; x_wconf 83' lang='lat' dir='ltr'>emendatiffimant</span> <span class='ocrx_word' id='word_1_119' title='bbox 1088 2109 1159 2182; x_wconf 81' lang='lat' dir='ltr'>Eu·</span> 
     </span>
     <span class='ocr_line' id='line_1_20' title="bbox 120 2203 1158 2302; baseline 0 -23"><span class='ocrx_word' id='word_1_120' title='bbox 120 2207 231 2298; x_wconf 86' lang='lat' dir='ltr'>tropii</span> <span class='ocrx_word' id='word_1_121' title='bbox 244 2205 352 2279; x_wconf 80' lang='lat' dir='ltr'>dedit</span> <span class='ocrx_word' id='word_1_122' title='bbox 362 2205 672 2290; x_wconf 85' lang='lat' dir='ltr'>Editionem,VH.</span> <span class='ocrx_word' id='word_1_123' title='bbox 683 2203 760 2277; x_wconf 85' lang='lat' dir='ltr'>usus</span> <span class='ocrx_word' id='word_1_124' title='bbox 774 2203 885 2276; x_wconf 84' lang='lat' dir='ltr'>eodd.</span> <span class='ocrx_word' id='word_1_125' title='bbox 900 2207 1004 2278; x_wconf 86' lang='lat' dir='ltr'><strong>MSS.</strong></span> <span class='ocrx_word' id='word_1_126' title='bbox 1022 2207 1158 2302; x_wconf 79' lang='lat' dir='ltr'>illisque</span> 
     </span>
     <span class='ocr_line' id='line_1_21' title="bbox 119 2301 1157 2403; baseline 0.006 -28"><span class='ocrx_word' id='word_1_127' title='bbox 119 2305 248 2403; x_wconf 88' lang='lat' dir='ltr'>quibus</span> <span class='ocrx_word' id='word_1_128' title='bbox 272 2305 435 2377; x_wconf 81' lang='lat' dir='ltr'>Vinctus</span> <span class='ocrx_word' id='word_1_129' title='bbox 452 2301 492 2376; x_wconf 75' lang='grc' dir='ltr'>δι</span> <span class='ocrx_word' id='word_1_130' title='bbox 514 2302 719 2401; x_wconf 84' lang='lat' dir='ltr'>Sylburgius</span> <span class='ocrx_word' id='word_1_131' title='bbox 740 2302 959 2389; x_wconf 78' lang='lat' dir='ltr'>uiisuetant,</span> <span class='ocrx_word' id='word_1_132' title='bbox 989 2325 1026 2379; x_wconf 92' lang='lat' dir='ltr'>ut</span> <span class='ocrx_word' id='word_1_133' title='bbox 1042 2304 1080 2379; x_wconf 69' lang='lat' dir='ltr'>oa</span> <span class='ocrx_word' id='word_1_134' title='bbox 1095 2331 1157 2381; x_wconf 83' lang='lat' dir='ltr'>va·</span> 
     </span>
     <span class='ocr_line' id='line_1_22' title="bbox 117 2400 1156 2501; baseline 0.003 -27"><span class='ocrx_word' id='word_1_135' title='bbox 117 2404 178 2475; x_wconf 83' lang='lat' dir='ltr'>riis</span> <span class='ocrx_word' id='word_1_136' title='bbox 200 2404 462 2489; x_wconf 85' lang='lat' dir='ltr'>Editionibus,</span> <span class='ocrx_word' id='word_1_137' title='bbox 487 2402 532 2477; x_wconf 87' lang='lat' dir='ltr'>ad</span> <span class='ocrx_word' id='word_1_138' title='bbox 555 2425 702 2501; x_wconf 77' lang='lat' dir='ltr'>examen</span> <span class='ocrx_word' id='word_1_139' title='bbox 726 2402 925 2491; x_wconf 88' lang='lat' dir='ltr'>revocatis,</span> <span class='ocrx_word' id='word_1_140' title='bbox 950 2400 989 2477; x_wconf 74' lang='lat' dir='ltr'>St</span> <span class='ocrx_word' id='word_1_141' title='bbox 1017 2405 1051 2476; x_wconf 93' lang='lat' dir='ltr'>in</span> <span class='ocrx_word' id='word_1_142' title='bbox 1082 2406 1156 2477; x_wconf 85' lang='lat' dir='ltr'>Va·</span> 
     </span>
     <span class='ocr_line' id='line_1_23' title="bbox 117 2500 1180 2599; baseline 0.006 -27"><span class='ocrx_word' id='word_1_143' title='bbox 117 2502 288 2574; x_wconf 88' lang='lat' dir='ltr'>riantiurn</span> <span class='ocrx_word' id='word_1_144' title='bbox 307 2500 523 2575; x_wconf 64' lang='lat' dir='ltr'>lectionum</span> <span class='ocrx_word' id='word_1_145' title='bbox 538 2502 727 2575; x_wconf 80' lang='lat' dir='ltr'>colluviem</span> <span class='ocrx_word' id='word_1_146' title='bbox 745 2505 1011 2599; x_wconf 83' lang='lat' dir='ltr'>coagmentatis.</span> <span class='ocrx_word' id='word_1_147' title='bbox 1040 2504 1156 2599; x_wconf 82' lang='lat' dir='ltr'>Hujus</span> <span class='ocrx_word' id='word_1_148' title='bbox 1177 2542 1180 2548; x_wconf 74' lang='lat'><em>,</em></span> 
     </span>
     <span class='ocr_line' id='line_1_24' title="bbox 114 2598 1157 2696; baseline 0.006 -25"><span class='ocrx_word' id='word_1_149' title='bbox 114 2600 354 2688; x_wconf 84' lang='lat' dir='ltr'>Editionetn‚</span> <span class='ocrx_word' id='word_1_150' title='bbox 380 2622 418 2696; x_wconf 85' lang='lat' dir='ltr'>ut</span> <span class='ocrx_word' id='word_1_151' title='bbox 444 2598 555 2673; x_wconf 88' lang='lat' dir='ltr'>uisam</span> <span class='ocrx_word' id='word_1_152' title='bbox 575 2601 676 2673; x_wconf 94' lang='lat' dir='ltr'>nobis</span> <span class='ocrx_word' id='word_1_153' title='bbox 694 2600 801 2693; x_wconf 86' lang='lat' dir='ltr'>iunge</span> <span class='ocrx_word' id='word_1_154' title='bbox 815 2600 1010 2693; x_wconf 84' lang='lat' dir='ltr'>optimam,</span> <span class='ocrx_word' id='word_1_155' title='bbox 1036 2604 1087 2674; x_wconf 86' lang='lat' dir='ltr'>ita</span> <span class='ocrx_word' id='word_1_156' title='bbox 1104 2608 1157 2677; x_wconf 74' lang='lat' dir='ltr'>tu·</span> 
     </span>
     <span class='ocr_line' id='line_1_25' title="bbox 116 2694 1153 2792; baseline 0.002 -22"><span class='ocrx_word' id='word_1_157' title='bbox 116 2721 196 2771; x_wconf 84' lang='lat' dir='ltr'>mus</span> <span class='ocrx_word' id='word_1_158' title='bbox 215 2698 359 2789; x_wconf 85' lang='lat' dir='ltr'>secuti,</span> <span class='ocrx_word' id='word_1_159' title='bbox 386 2718 425 2770; x_wconf 92' lang='lat' dir='ltr'>ut</span> <span class='ocrx_word' id='word_1_160' title='bbox 448 2698 534 2769; x_wconf 85' lang='lat' dir='ltr'>nihii</span> <span class='ocrx_word' id='word_1_161' title='bbox 553 2697 823 2783; x_wconf 85' lang='lat' dir='ltr'>mutaverimus,</span> <span class='ocrx_word' id='word_1_162' title='bbox 849 2694 912 2769; x_wconf 81' lang='lat' dir='ltr'>niii</span> <span class='ocrx_word' id='word_1_163' title='bbox 929 2700 1023 2792; x_wconf 89' lang='lat' dir='ltr'>quod</span> <span class='ocrx_word' id='word_1_164' title='bbox 1047 2702 1153 2773; x_wconf 87' lang='lat' dir='ltr'>MSS.</span> 
     </span>
     <span class='ocr_line' id='line_1_26' title="bbox 116 2795 1153 2893; baseline -0.002 -20"><span class='ocrx_word' id='word_1_165' title='bbox 116 2798 340 2873; x_wconf 68' lang='lat' dir='ltr'>annositate</span> <span class='ocrx_word' id='word_1_166' title='bbox 369 2795 554 2871; x_wconf 82' lang='lat' dir='ltr'>subnixum</span> <span class='ocrx_word' id='word_1_167' title='bbox 564 2801 714 2893; x_wconf 82' lang='lat' dir='ltr'>exigere</span> <span class='ocrx_word' id='word_1_168' title='bbox 737 2796 808 2890; x_wconf 88' lang='lat' dir='ltr'>ipsa</span> <span class='ocrx_word' id='word_1_169' title='bbox 833 2798 923 2867; x_wconf 86' lang='lat' dir='ltr'>ratio</span> <span class='ocrx_word' id='word_1_170' title='bbox 954 2798 1153 2871; x_wconf 89' lang='lat' dir='ltr'>videbatur.</span> 
     </span>
     <span class='ocr_line' id='line_1_27' title="bbox 118 2893 1151 2993; baseline 0.001 -25"><span class='ocrx_word' id='word_1_171' title='bbox 118 2896 244 2968; x_wconf 88' lang='lat' dir='ltr'>Variis</span> <span class='ocrx_word' id='word_1_172' title='bbox 259 2896 423 2991; x_wconf 84' lang='lat' dir='ltr'>ejusdem</span> <span class='ocrx_word' id='word_1_173' title='bbox 437 2893 664 2967; x_wconf 70' lang='lat' dir='ltr'>Lectionibus</span> <span class='ocrx_word' id='word_1_174' title='bbox 676 2894 804 2989; x_wconf 89' lang='lat' dir='ltr'>ubique</span> <span class='ocrx_word' id='word_1_175' title='bbox 818 2894 892 2965; x_wconf 88' lang='lat' dir='ltr'>illas</span> <span class='ocrx_word' id='word_1_176' title='bbox 905 2896 1011 2967; x_wconf 88' lang='lat' dir='ltr'><strong>MSS.</strong></span> <span class='ocrx_word' id='word_1_177' title='bbox 1037 2896 1151 2993; x_wconf 86' lang='lat' dir='ltr'>Lugd.</span> 
     </span>
     <span class='ocr_line' id='line_1_28' title="bbox 114 2992 1153 3087; baseline -0.001 -20"><span class='ocrx_word' id='word_1_178' title='bbox 114 2998 192 3067; x_wconf 83' lang='lat' dir='ltr'>Bar.</span> <span class='ocrx_word' id='word_1_179' title='bbox 211 2994 571 3087; x_wconf 88' lang='lat' dir='ltr'>inseruimus,neque</span> <span class='ocrx_word' id='word_1_180' title='bbox 588 2992 633 3064; x_wconf 90' lang='lat' dir='ltr'>de</span> <span class='ocrx_word' id='word_1_181' title='bbox 645 2995 712 3066; x_wconf 79' lang='lat' dir='ltr'>itus</span> <span class='ocrx_word' id='word_1_182' title='bbox 729 3015 818 3087; x_wconf 91' lang='lat' dir='ltr'>quae</span> <span class='ocrx_word' id='word_1_183' title='bbox 835 2994 980 3069; x_wconf 85' lang='lat' dir='ltr'>minoris</span> <span class='ocrx_word' id='word_1_184' title='bbox 994 3018 1153 3067; x_wconf 84' lang='lat' dir='ltr'>momen·</span> 
     </span>
     <span class='ocr_line' id='line_1_29' title="bbox 115 3090 1152 3181; baseline 0 -16"><span class='ocrx_word' id='word_1_185' title='bbox 115 3096 142 3166; x_wconf 95' lang='lat' dir='ltr'>ti</span> <span class='ocrx_word' id='word_1_186' title='bbox 155 3093 402 3180; x_wconf 87' lang='lat' dir='ltr'>videbantur,</span> <span class='ocrx_word' id='word_1_187' title='bbox 429 3092 625 3164; x_wconf 85' lang='lat' dir='ltr'>verbumin</span> <span class='ocrx_word' id='word_1_188' title='bbox 640 3093 785 3164; x_wconf 84' lang='lat' dir='ltr'>Notuiis</span> <span class='ocrx_word' id='word_1_189' title='bbox 806 3090 978 3181; x_wconf 88' lang='lat' dir='ltr'>fecimus,</span> <span class='ocrx_word' id='word_1_190' title='bbox 1003 3096 1152 3165; x_wconf 89' lang='lat' dir='ltr'>multum</span> 
     </span>
     <span class='ocr_line' id='line_1_30' title="bbox 112 3188 1151 3285; baseline 0.002 -22"><span class='ocrx_word' id='word_1_191' title='bbox 112 3193 209 3263; x_wconf 90' lang='lat' dir='ltr'>euim</span> <span class='ocrx_word' id='word_1_192' title='bbox 229 3192 281 3264; x_wconf 87' lang='lat' dir='ltr'>de</span> <span class='ocrx_word' id='word_1_193' title='bbox 301 3191 415 3264; x_wconf 82' lang='lat' dir='ltr'>ociosi</span> <span class='ocrx_word' id='word_1_194' title='bbox 436 3189 583 3285; x_wconf 84' lang='lat' dir='ltr'>alicujus</span> <span class='ocrx_word' id='word_1_195' title='bbox 601 3189 767 3262; x_wconf 89' lang='lat' dir='ltr'>monachi</span> <span class='ocrx_word' id='word_1_196' title='bbox 780 3208 841 3262; x_wconf 89' lang='lat' dir='ltr'>aut</span> <span class='ocrx_word' id='word_1_197' title='bbox 855 3188 1035 3265; x_wconf 86' lang='lat' dir='ltr'>oscitantis</span> <span class='ocrx_word' id='word_1_198' title='bbox 1058 3214 1151 3265; x_wconf 85' lang='lat' dir='ltr'>ama·</span> 
     </span>
     <span class='ocr_line' id='line_1_31' title="bbox 112 3287 1227 3383; baseline 0.005 -22"><span class='ocrx_word' id='word_1_199' title='bbox 112 3290 253 3364; x_wconf 83' lang='lat' dir='ltr'>nuensrs</span> <span class='ocrx_word' id='word_1_200' title='bbox 275 3294 404 3363; x_wconf 87' lang='lat' dir='ltr'>erratis</span> <span class='ocrx_word' id='word_1_201' title='bbox 424 3287 632 3383; x_wconf 84' lang='lat' dir='ltr'>digladiari,</span> <span class='ocrx_word' id='word_1_202' title='bbox 656 3288 820 3383; x_wconf 88' lang='lat' dir='ltr'>quorsum</span> <span class='ocrx_word' id='word_1_203' title='bbox 844 3288 1032 3382; x_wconf 85' lang='lat' dir='ltr'>pertinet?</span> <span class='ocrx_word' id='word_1_204' title='bbox 1069 3292 1146 3363; x_wconf 90' lang='lat' dir='ltr'>No-</span> <span class='ocrx_word' id='word_1_205' title='bbox 1222 3362 1227 3367; x_wconf 84' lang='lat'>.</span> 
     </span>
     <span class='ocr_line' id='line_1_32' title="bbox 112 3383 1150 3483; baseline 0.003 -26"><span class='ocrx_word' id='word_1_206' title='bbox 112 3391 205 3461; x_wconf 81' lang='lat' dir='ltr'>tuias</span> <span class='ocrx_word' id='word_1_207' title='bbox 230 3391 328 3483; x_wconf 84' lang='lat' dir='ltr'>ipsas</span> <span class='ocrx_word' id='word_1_208' title='bbox 352 3386 487 3460; x_wconf 75' lang='lat' dir='ltr'>nostras</span> <span class='ocrx_word' id='word_1_209' title='bbox 510 3409 631 3478; x_wconf 82' lang='lat' dir='ltr'>parcas</span> <span class='ocrx_word' id='word_1_210' title='bbox 647 3383 718 3458; x_wconf 83' lang='lat' dir='ltr'>effe</span> <span class='ocrx_word' id='word_1_211' title='bbox 732 3386 932 3474; x_wconf 80' lang='lat' dir='ltr'>voluimus,</span> <span class='ocrx_word' id='word_1_212' title='bbox 956 3412 1060 3482; x_wconf 87' lang='lat' dir='ltr'>quum</span> <span class='ocrx_word' id='word_1_213' title='bbox 1075 3390 1150 3481; x_wconf 86' lang='lat' dir='ltr'>jam</span> 
     </span>
     <span class='ocr_line' id='line_1_33' title="bbox 110 3484 1152 3582; baseline -0.006 -21"><span class='ocrx_word' id='word_1_214' title='bbox 110 3508 235 3581; x_wconf 83' lang='lat' dir='ltr'>gemat</span> <span class='ocrx_word' id='word_1_215' title='bbox 242 3486 392 3560; x_wconf 89' lang='lat' dir='ltr'>onustus</span> <span class='ocrx_word' id='word_1_216' title='bbox 406 3503 464 3557; x_wconf 91' lang='lat' dir='ltr'>tot</span> <span class='ocrx_word' id='word_1_217' title='bbox 475 3484 819 3558; x_wconf 77' lang='lat' dir='ltr'>commentatoribus</span> <span class='ocrx_word' id='word_1_218' title='bbox 827 3484 977 3557; x_wconf 72' lang='lat' dir='ltr'>sociator</span> <span class='ocrx_word' id='word_1_219' title='bbox 986 3486 1060 3582; x_wconf 88' lang='lat' dir='ltr'>ipse</span> <span class='ocrx_word' id='word_1_220' title='bbox 1074 3488 1152 3559; x_wconf 86' lang='lat' dir='ltr'>bre·¹</span> 
     </span>
     <span class='ocr_line' id='line_1_34' title="bbox 111 3582 1042 3679; baseline -0.008 -21"><span class='ocrx_word' id='word_1_221' title='bbox 111 3587 266 3674; x_wconf 83' lang='lat' dir='ltr'>vitatis,</span> <span class='ocrx_word' id='word_1_222' title='bbox 291 3583 319 3657; x_wconf 89' lang='lat' dir='ltr'>st</span> <span class='ocrx_word' id='word_1_223' title='bbox 337 3582 543 3679; x_wconf 84' lang='lat' dir='ltr'>quisalius,</span> <span class='ocrx_word' id='word_1_224' title='bbox 566 3582 765 3676; x_wconf 84' lang='lat' dir='ltr'>Eutropius.</span> <span class='ocrx_word' id='word_1_225' title='bbox 1039 3664 1042 3674; x_wconf 30' lang='grc' dir='ltr'>Ι</span> 
     </span>
     <span class='ocr_line' id='line_1_35' title="bbox 161 3679 1152 3777; baseline 0 -22"><span class='ocrx_word' id='word_1_226' title='bbox 161 3685 348 3757; x_wconf 89' lang='lat' dir='ltr'>Occurret</span> <span class='ocrx_word' id='word_1_227' title='bbox 363 3680 510 3777; x_wconf 82' lang='lat' dir='ltr'>aliquis,</span> <span class='ocrx_word' id='word_1_228' title='bbox 523 3679 668 3773; x_wconf 81' lang='lat' dir='ltr'>potuiffe</span> <span class='ocrx_word' id='word_1_229' title='bbox 679 3681 828 3753; x_wconf 84' lang='lat' dir='ltr'>resecari</span> <span class='ocrx_word' id='word_1_230' title='bbox 838 3736 849 3769; x_wconf 88' lang='lat'>,</span> <span class='ocrx_word' id='word_1_231' title='bbox 859 3704 948 3777; x_wconf 86' lang='lat' dir='ltr'>quae</span> <span class='ocrx_word' id='word_1_232' title='bbox 963 3682 1078 3755; x_wconf 89' lang='lat' dir='ltr'>minus</span> <span class='ocrx_word' id='word_1_233' title='bbox 1088 3681 1152 3755; x_wconf 89' lang='lat' dir='ltr'>do·</span> 
     </span>
     <span class='ocr_line' id='line_1_36' title="bbox 116 3777 1148 3873; baseline 0 -22"><span class='ocrx_word' id='word_1_234' title='bbox 116 3778 175 3851; x_wconf 69' lang='lat' dir='ltr'>&amp;a</span> <span class='ocrx_word' id='word_1_235' title='bbox 188 3781 339 3870; x_wconf 82' lang='lat' dir='ltr'>forent,</span> <span class='ocrx_word' id='word_1_236' title='bbox 364 3782 427 3854; x_wconf 88' lang='lat' dir='ltr'>sed</span> <span class='ocrx_word' id='word_1_237' title='bbox 443 3779 598 3873; x_wconf 84' lang='lat' dir='ltr'>vulgaria</span> <span class='ocrx_word' id='word_1_238' title='bbox 617 3780 734 3873; x_wconf 91' lang='lat' dir='ltr'>potius</span> <span class='ocrx_word' id='word_1_239' title='bbox 750 3777 786 3851; x_wconf 77' lang='grc' dir='ltr'>ἃ</span> <span class='ocrx_word' id='word_1_240' title='bbox 802 3780 936 3872; x_wconf 81' lang='lat' dir='ltr'>saepius</span> <span class='ocrx_word' id='word_1_241' title='bbox 952 3778 1055 3853; x_wconf 67' lang='lat' dir='ltr'>disto.</span> <span class='ocrx_word' id='word_1_242' title='bbox 1083 3782 1148 3851; x_wconf 84' lang='lat' dir='ltr'>Fa·</span> 
     </span>
     <span class='ocr_line' id='line_1_37' title="bbox 116 3866 1152 3975; baseline 0.009 -30"><span class='ocrx_word' id='word_1_243' title='bbox 116 3892 202 3971; x_wconf 74' lang='lat' dir='ltr'>teor</span> <span class='ocrx_word' id='word_1_244' title='bbox 213 3929 226 3966; x_wconf 93' lang='lat'>,</span> <span class='ocrx_word' id='word_1_245' title='bbox 252 3880 275 3953; x_wconf 79' lang='lat' dir='ltr'>st</span> <span class='ocrx_word' id='word_1_246' title='bbox 293 3876 413 3952; x_wconf 69' lang='lat' dir='ltr'>notris</span> <span class='ocrx_word' id='word_1_247' title='bbox 428 3866 563 3948; x_wconf 74' lang='lat' dir='ltr'>tantum</span> <span class='ocrx_word' id='word_1_248' title='bbox 581 3876 805 3965; x_wconf 87' lang='lat' dir='ltr'>scriberetur,</span> <span class='ocrx_word' id='word_1_249' title='bbox 830 3876 923 3974; x_wconf 86' lang='lat' dir='ltr'>fique</span> <span class='ocrx_word' id='word_1_250' title='bbox 938 3878 1039 3975; x_wconf 89' lang='lat' dir='ltr'>hujus</span> <span class='ocrx_word' id='word_1_251' title='bbox 1053 3879 1152 3954; x_wconf 82' lang='lat' dir='ltr'>libel·</span> 
     </span>
     <span class='ocr_line' id='line_1_38' title="bbox 112 3972 1151 4065; baseline -0.003 -17"><span class='ocrx_word' id='word_1_252' title='bbox 112 3975 143 4061; x_wconf 74' lang='lat' dir='ltr'>Ji</span> <span class='ocrx_word' id='word_1_253' title='bbox 160 3974 193 4061; x_wconf 76' lang='lat' dir='ltr'>is</span> <span class='ocrx_word' id='word_1_254' title='bbox 216 3975 300 4049; x_wconf 80' lang='lat' dir='ltr'>effer</span> <span class='ocrx_word' id='word_1_255' title='bbox 315 3976 402 4065; x_wconf 76' lang='lat' dir='ltr'>fiais</span> <span class='ocrx_word' id='word_1_256' title='bbox 427 3994 467 4046; x_wconf 90' lang='lat' dir='ltr'>ut</span> <span class='ocrx_word' id='word_1_257' title='bbox 481 3972 523 4046; x_wconf 84' lang='lat' dir='ltr'>ad</span> <span class='ocrx_word' id='word_1_258' title='bbox 538 3973 658 4061; x_wconf 61' lang='lat' dir='ltr'>doctos</span> <span class='ocrx_word' id='word_1_259' title='bbox 679 3993 814 4059; x_wconf 83' lang='lat' dir='ltr'>tantum</span> <span class='ocrx_word' id='word_1_260' title='bbox 831 3976 946 4056; x_wconf 87' lang='lat' dir='ltr'>nostra</span> <span class='ocrx_word' id='word_1_261' title='bbox 968 4000 1151 4054; x_wconf 75' lang='lat' dir='ltr'>commen.</span> 
     </span>
    </p>
   </div>
   <div class='ocr_carea' id='block_1_5' title="bbox 1088 4074 1149 4157">
    <p class='ocr_par' dir='ltr' id='par_1_5' title="bbox 1088 4074 1149 4157">
     <span class='ocr_line' id='line_1_39' title="bbox 1088 4074 1149 4157; baseline 0.016 -1"><span class='ocrx_word' id='word_1_262' title='bbox 1088 4074 1149 4157; x_wconf 82' lang='lat' dir='ltr'>dt·</span> 
     </span>
    </p>
   </div>
   <div class='ocr_carea' id='block_1_6' title="bbox 0 0 1442 4650">
    <p class='ocr_par' dir='ltr' id='par_1_6' title="bbox 0 0 1442 4650">
     <span class='ocr_line' id='line_1_40' title="bbox 0 0 1442 4650; baseline 0 5"><span class='ocrx_word' id='word_1_263' title='bbox 0 0 1442 4650; x_wconf 95' lang='lat' dir='ltr'> </span> 
     </span>
    </p>
   </div>
  </div>
 </body>
</html>
