2875 4650
424 281 431 292 ’
516 273 1145 356 DEDICATIONES

313 433 471 528 reliquae
493 453 617 506 ornnes
639 429 818 508 Nationes
841 429 1022 508 hominum
1040 433 1210 528 imperata
1225 433 1342 513 iacere

314 532 546 618 videbuntur,
572 530 634 604 soli
648 529 850 602 'Galliarum
866 531 1008 626 populi,
1037 531 1071 607 se
1088 555 1158 608 non
1175 531 1339 609 homibus

313 649 456 722 parere,
485 628 546 702 sed
566 629 662 704 veris
688 628 850 721 Regibus
873 629 932 725 qui
949 630 1065 704 Deum
1084 632 1119 704 in
1142 633 1339 710 terrisimi·

313 723 1199 822 tentur,obtetnperare&fatebuntur&sentient.
1225 731 1341 824 Vale,

313 825 511 902 Datrrrrnr
532 827 779 915 Sananssrrra,
803 821 842 899 ἃ
858 825 968 902 Vive.

351 1000 477 1062 Lutetiae
496 996 668 1078 purgamur,

394 1077 485 1141 Idibus
501 1077 622 1137 Decemb-

469 1159 552 1216 1⁶82.

409 1400 677 1512 nunno
717 1398 880 1505 run.
924 1401 1145 1508 ruunt
1188 1409 1240 1510 r.

312 1645 363 1772 P
438 1645 495 1772 R
569 1646 623 1771 A
693 1643 742 1771 E
811 1643 856 1770 F
919 1645 970 1770 A
1031 1641 1092 1770 Τ
1168 1645 1194 1768 1
1260 1653 1337 1776 0.

424 1876 428 1883 ι

314 1904 458 2177 Ur
478 1907 589 1984 studit
611 1874 752 2005 optatur
776 1906 907 1982 fruitus
928 1905 1064 2000 ferant,
1089 1905 1245 1985 Historia
1261 1914 1340 1988 Ro·

457 2022 563 2082 rna'na
578 2009 736 2103 apprime
751 2005 903 2080 tenenda
920 2006 991 2096 est,
1015 2007 1174 2104 adeoque
1197 2012 1340 2106 legendi
1428 2017 1429 2108 l

314 2129 352 2179 1n
404 2106 509 2179 arinis
534 2107 676 2204 quidem
699 2106 804 2179 Titus
819 2106 962 2192 Livius,
986 2105 1154 2193 Tacitus,
1178 2108 1342 2182 Ammia·
1428 2111 1429 2162 ἒ

313 2225 399 2291 nur;
423 2201 522 2276 &in
547 2202 691 2277 Graecis
707 2201 894 2300 Dionysius
915 2202 1207 2292 Halicarnasseus,
1234 2208 1338 2304 Poly·
1428 2245 1429 2262 κ

313 2301 415 2388 bitte,
440 2301 540 2375 Dion
553 2299 703 2375 Caffius:
728 2301 797 2375 Sed
810 2302 891 2398 quia
909 2300 993 2376 illud
1010 2320 1129 2377 tantae
1145 2304 1245 2379 molis
1266 2305 1341 2395 est,

312 2417 355 2472 ur
377 2402 439 2473 vix
458 2399 535 2494 post
551 2401 678 2473 multos
699 2418 809 2473 annos
835 2400 1001 2495 explicari
1022 2400 1146 2494 polilt,
1171 2426 1340 2497 compen·

313 2498 415 2572 diosa
434 2497 609 2596 quaedam
628 2500 687 2573 via
705 2497 880 2592 sequenda
894 2496 955 2582 est,
983 2497 1122 2573 Praesto
1141 2500 1217 2573 sunt
1231 2502 1340 2595 igitur

312 2597 459 2687 florus,
483 2597 646 2671 Aurelius
668 2592 816 2686 Vilior,
838 2594 1048 2691 Eutropius,
1073 2620 1159 2692 quor
1183 2599 1339 2673 minores

312 2694 515 2771 Historicos
536 2695 646 2793 vulgo
663 2711 805 2769 vocant.
855 2694 997 2767 Florum
1012 2696 1155 2788 quidem
1166 2694 1336 2791 juventu·

312 2797 343 2869 ti
358 2794 474 2868 minua
488 2811 610 2887 aptum
625 2791 800 2881 arbitror,
817 2791 948 2887 quippe
963 2792 1022 2887 qui
1037 2814 1108 2867 non
1124 2815 1196 2867 tarn
1214 2794 1339 2867 Histo-

312 2896 407 2965 ricus
423 2914 528 2989 quam
542 2892 692 2977 Orator,
718 2884 792 2965 five
806 2889 1038 2987 Panegyrista.
1089 2892 1254 2965 Aurelius
1269 2894 1338 2969 Vi·

310 2988 391 3064 ator
412 2988 612 3063 Historicus
632 2986 775 3085 quidem
798 2988 972 3083 optimus,
998 2986 1056 3063 sed
1073 2990 1133 3085 qui
1145 2988 1339 3066 firmiorem

296 3105 471 3163 ¹aetatem
488 3086 615 3182 poscit.
640 3086 716 3161 Vix
732 3086 830 3159 enim
844 3088 888 3161 ab
900 3087 945 3162 iit
965 3088 1116 3183 intelligi
1131 3092 1265 3183 poterit
1276 3092 1341 3183 qui

298 3208 385 3259 -non
398 3186 552 3283 aliquam
562 3184 747 3261 Historiae
761 3184 946 3259 Romanae
959 3184 1125 3260 notitiam
1137 3208 1221 3282 prae
1237 3186 1272 3259 se
1287 3186 1341 3265 fe·
1427 3246 1428 3271 ,

298 3304 404 3361 rant.
430 3284 620 3379 Eutropius
637 3282 777 3379 reliquis
791 3281 1021 3377 praestantior
1035 3300 1245 3379 teneraeque
1256 3308 1342 3379 pue·
1427 3278 1428 3321 ³

297 3405 433 3459 rorum
448 3384 559 3459 aetati
573 3368 863 3457 convenienlior:
886 3402 967 3455 nam
981 3399 1222 3479 praeterquam
1243 3382 1341 3479 quod

311 3480 394 3557 stilo
413 3484 519 3580 plano
533 3478 585 3555 est
597 3478 639 3555 tit
652 3476 770 3569 facili,
794 3476 859 3553 etfi
875 3478 1082 3575 quandoque
1096 3482 1211 3553 minus
1226 3504 1341 3575 puro,

298 3599 478 3678 -tetnpora
499 3576 623 3653 omnia
639 3595 806 3660 accurate
824 3578 947 3673 ponit,
971 3599 1062 3675 quae
1076 3572 1100 3651 li
1114 3580 1149 3652 in
1170 3577 1342 3655 Historiis

312 3681 561 3779 negligantur,
583 3678 650 3751 reli
675 3699 721 3751 ua
739 3675 861 3751 omnia
883 3696 984 3751 ruere
1003 3672 1043 3755 ἃ
1064 3694 1160 3749 retro
1184 3676 1342 3773 sublapsa

311 3778 439 3854 referri
467 3771 647 3853 neeeffee
739 3774 858 3874 Quare
882 3774 996 3869 primo
1021 3772 1189 3872 legendus
1212 3774 1343 3856 Eutro-

311 3878 413 3975 piou,
436 3873 516 3975 post
529 3894 614 3949 euru
624 3873 788 3949 Aurelius
802 3870 953 3962 vietor,
972 3869 1049 3971 poll
1062 3872 1244 3947 Aurelium
1258 3874 1341 3951 Flo·

309 3998 385 4070 rur.⁴
429 3976 502 4098 lior
522 3994 649 4055 omnen
666 3994 911 4083 uuuepernre
927 3973 966 4055 iu
981 3966 1093 4077 Usutu
1106 3972 1345 4163 Satrurfflt
1385 4026 1392 4037 ·
