2875 4650
323 286 1138 473 nnnv1tnn.1.1a.xy.sr1
1236 352 1238 360 ’

142 536 237 613 XV.
264 536 396 633 Neque
413 534 523 607 multo
537 528 723 629 pulbcum
737 548 752 582 ¹
764 530 1024 610 Germaniciani
1039 555 1139 608 exer·

89 640 191 713 citus
212 656 269 709 ta
290 635 479 707 Galliarum
496 629 667 726 praesidio
695 628 933 721 tollerentur,
968 631 1139 708 consensu

88 738 255 811 militum
270 734 424 828 Julianus
440 728 551 803 fiilos
567 727 741 825 Augustus
756 741 768 771 ¹
786 727 852 801 est:
880 728 1139 829 interje6ioqtt'e

90 857 195 907 anno
209 888 220 918 ,
247 832 291 903 ad
304 830 481 927 illyricum
495 828 727 901 obtinendum
741 822 940 920 profectus,
967 830 1138 906 Constan-

90 933 149 1007 tio
165 929 340 1004 Parthicis
355 941 367 972 ²
390 928 488 1001 bellis
506 936 705 1019 occupato:
731 927 747 977 b
764 926 823 1019 qui
846 930 946 1001 rebus
963 931 1137 1026 cognitis,

90 1030 142 1105 ad
170 1030 306 1105 bellum
332 1027 438 1103 civile
467 1028 683 1115 conversus,
718 1026 755 1101 in
781 1023 1025 1121 itinere'obiit
1041 1031 1136 1105 inter

284 1220 518 1289 Vnnrnn
582 1215 944 1289 anrtottns.
1081 1130 1119 1203 lh

130 1344 160 1400 x,
171 1328 220 1390 Sic
233 1326 264 1389 S.
280 1326 321 1386 N.
343 1327 389 1385 M.
408 1326 441 1385 B.
457 1325 491 1385 L.
514 1325 542 1383 dt
554 1321 722 1399 Lugd.Bat.·
733 1340 758 1383 1.
774 1340 811 1396 3.,
822 1340 848 1398 5.
869 1326 1073 1397 (demutant
1088 1330 1133 1405 2.)
1166 1354 1168 1359 ·

89 1404 121 1465 tit
133 1410 166 1465 F.
188 1406 390 1481 approbatque
404 1404 433 1461 in
450 1404 539 1461 Notis
554 1404 686 1460 Vinctus.
707 1401 798 1476 Saepe
814 1404 900 1461 etiam
915 1402 1067 1464 Suetonius
1078 1407 1133 1465 hoc

87 1485 219 1543 nominis
243 1481 336 1540 forma
358 1482 422 1539 usus
446 1478 501 1548 est,
521 1479 550 1537 dt
570 1476 664 1537 noster
689 1477 769 1553 supra
796 1482 824 1537 ln
841 1480 967 1541 Othone.
1007 1482 1076 1541 Non
1092 1482 1136 1553 est

24 1561 28 1571 '
87 1576 166 1696 ergg
178 1557 372 1651 dubitandum
388 1558 535 1693 qiindiiiii
556 1558 587 1615 in
604 1555 673 1615 loco
694 1555 842 1631 vulgatum
862 1556 1014 1619 Germanici
1022 1560 1082 1636 jota
1099 1558 1134 1621 fit

272 1655 297 1694 cr
357 1652 407 1693 ver
421 1652 457 1693 en
526 1675 536 1691 .

86 1653 150 1790 my
166 1654 402 1787 iiiiiiiigimBat.
423 1727 450 1783 3.

129 1808 150 1850 z
167 1793 203 1849 ln
218 1788 354 1865 quibusd.
374 1784 411 1865 est
430 1785 610 1847 defidetatur.

130 1882 151 1924 a
169 1866 290 1924 Proeliis
308 1868 341 1924 B.
359 1866 400 1923 N.
420 1864 513 1940 Lugd.
532 1866 595 1925 nat
618 1879 645 1924 1.
665 1879 693 1924 2.
713 1876 741 1936 ς.

131 1943 154 2001 b
173 1940 264 2026 Queis
281 1942 313 2001 F.
331 1940 437 2026 Quibus
455 1943 541 2018 Vulg.

456 2050 760 2119 Norat.

122 2154 182 2206 xV.
202 2158 331 2206 Gmaenici
347 2156 414 2221 san]
434 2150 502 2207 Libri
519 2156 596 2208 nostri
632 2168 721 2206 norum
735 2154 874 2217 legionibus
888 2156 951 2207 doce
968 2156 1131 2224 Jullrnnvln·

91 2219 153 2279 alii,
167 2223 278 2271 Garatom
285 2224 352 2280 jatur
366 2235 412 2282 pro
424 2222 515 2281 quibus
532 2222 595 2271 duu-
633 2232 766 2276 errentur,
779 2226 825 2271 brt.
839 2224 952 2270 Aurariae.
968 2236 1021 2273 xvt.
1035 2224 1113 2273 Ceut..

90 2282 138 2333 bus
151 2284 237 2333 verbis
249 2284 345 2332 ionrise
358 2287 458 2334 unicum
468 2288 497 2334 ab
505 2286 593 2335 liutto·
664 2284 790 2350 crasiasu]
801 2286 859 2335 Non
870 2288 997 2336 vuluntate
1012 2286 1132 2347 principis

88 2345 136 2406 pio
150 2349 257 2407 politum
278 2347 381 2407 fuerat,
404 2347 484 2398 retius
499 2349 595 2399 scilicet
632 2349 789 2412 Constantii,
812 2351 861 2398 imo
881 2351 904 2397 bt
925 2349 1060 2400 reludunte
1086 2351 1132 2400 all·

88 2407 135 2458 ille
148 2411 239 2471 mstis,
253 2409 322 2467 cujus
336 2411 463 2470 obliquum
477 2425 533 2460 ante
547 2427 593 2473 po·
632 2412 851 2476 quandiuJutimo.
867 2414 949 2462 Gnate.

89 2471 175 2522 suerat
187 2477 228 2523 tib.
238 2487 283 2522 1111.
293 2477 318 2522 t'n
328 2477 420 2523 Othonis
428 2475 535 2536 historia.-
543 2490 594 2536 qno
663 2477 711 2538 Qui
725 2479 788 2524 rebus
801 2473 917 2538 cognitir,]
937 2477 1010 2538 Quod
1019 2477 1132 2539 Jullnniiss

86 2536 170 2598 heo,
185 2541 319 2593 Gemuit,
334 2541 524 2599 Germaniciano,
538 2545 595 2590 Ger·
632 2540 689 2587 eliet
700 2540 818 2598 augustus
830 2542 859 2585 ab
868 2541 980 2589 exercitu
989 2539 1069 2590 istius
1081 2541 1132 2589 Gt.

88 2603 227 2660 amarit,
246 2603 440 2662 Germaniciano,
460 2601 483 2651 ἀ
500 2608 593 2653 Germa·
663 2603 704 2650 Ad
717 2604 795 2650 bellurn
813 2605 876 2651 tioilae
893 2601 1038 2666 currulium]
1058 2603 1130 2651 Mat·

87 2665 161 2722 uicis,
176 2664 317 2712 scribebant
336 2665 418 2713 nostra
433 2669 594 2724 exemplaria.
632 2667 735 2714 collinus
750 2665 792 2713 lib.
802 2677 843 2714 xx.
853 2679 903 2714 non
918 2665 951 2714 ita
961 2669 1032 2726 longe
1043 2665 1074 2714 ab
1083 2661 1131 2713 itri-

90 2728 275 2776 Getmanianos
288 2740 368 2776 autem
384 2727 506 2786 exercitus
516 2729 592 2788 Capi·
631 2729 680 2786 tio,
694 2741 766 2778 veras
782 2728 865 2776 causas
880 2728 963 2777 diiidii
977 2730 1041 2778 inter
1060 2730 1128 2791 Cott-

89 2789 173 2836 tulino
188 2791 215 2839 in
235 2790 324 2838 Clodio
341 2791 433 2839 Albino
446 2791 526 2841 ditior
540 2805 593 2841 me·
629 2791 778 2839 stantium&
798 2790 921 2854 Julianunt
941 2804 1041 2850 narrat,
1060 2791 1130 2840 Con·

89 2851 211 2900 minimus
224 2887 234 2912 ,
249 2865 273 2900 at
289 2856 490 2904 Getmrtnlcianos
506 2859 592 2905 Sueto·
629 2855 710 2903 llantii
724 2854 939 2914 invidiamquem
950 2858 1014 2903 male
1024 2857 1129 2903 urebant

88 2915 135 2962 nio
147 2916 174 2964 in
186 2916 288 2964 'liberio
299 2918 418 2977 Augttllo;
432 2920 591 2979 quemadmo-
627 2918 719 2980 Juliani
735 2917 853 2978 virtutes,
868 2920 932 2966 clota
951 2917 1030 2978 fanto,
1044 2919 1067 2966 dt
1082 2929 1129 2975 pet

88 2979 150 3026 dum
165 2980 320 3037 illyricianos
333 2983 363 3029 ab
377 2983 497 3042 Illyrico,
512 2983 591 3043 tegio-
629 2984 716 3029 urbem
734 2983 872 3029 Romanum
890 2981 1011 3028 encomia.
1043 2981 1129 3029 Pollu-

87 3053 145 3101 rte,
165 3043 279 3104 Vopisto
293 3043 319 3091 in
334 3045 435 3102 Probo,
451 3048 474 3094 bt
487 3050 535 3094 alla
548 3053 591 3094 bu·
629 3045 688 3093 lavit
709 3045 792 3104 ltaque
816 3056 847 3091 ex
869 3043 948 3093 Gallia
972 3045 1002 3092 ab
1026 3045 1129 3108 Juliano

87 3101 202 3160 jusmodi
217 3107 281 3166 apud
293 3107 365 3157 ulios.
378 3109 471 3159 vrum.
490 3111 538 3158 Vel
548 3111 591 3170 qui
629 3109 764 3168 praefidit,
783 3119 855 3165 atque
880 3119 910 3154 eu
932 3106 1079 3169 sumtiliter,
1097 3111 1129 3157 ae

88 3169 251 3219 Germaniam
264 3170 535 3234 invaserantRomtnl‚
549 3177 592 3222 vel
645 3173 727 3220 uliano
744 3171 889 3220 conditione
911 3169 1038 3229 obnoxia,
1062 3183 1129 3231 quau

87 3233 209 3282 Germani
219 3246 251 3282 ex
266 3234 346 3283 Gallia
362 3237 431 3294 pulfi.
464 3238 510 3285 Sed
524 3239 590 3286 malo
627 3237 702 3284 invita
714 3237 745 3283 ab
756 3247 788 3280 eo
803 3233 977 3281 discedebant:
1000 3233 1050 3284 imo
1062 3246 1128 3295 quae

87 3293 228 3364 intelligere
251 3298 282 3345 de
296 3310 329 3345 eo
347 3298 414 3354 qnod
430 3299 504 3347 refert
521 3301 590 3350 Mtt-
629 3299 753 3347 malebant
770 3307 862 3345 novum
880 3295 921 3345 sibi
941 3297 1072 3358 Augustum
1091 3297 1127 3345 ia-

87 3359 218 3420 tellinae,
240 3361 272 3407 de
290 3361 408 3419 praefinio
431 3361 554 3419 postulato
574 3366 589 3411 i
628 3373 703 3420 cete,
716 3374 745 3409 ac
756 3373 803 3420 pro
814 3371 845 3406 en
861 3359 943 3420 mori,
959 3373 1034 3420 quam
1055 3359 1127 3408 exite

86 3411 266 3473 Constantium
276 3421 411 3472 Orientem.
426 3425 508 3474 Gunn.
522 3427 589 3474 Con·
628 3424 744 3474 Galliam.
769 3423 841 3471 Moru
852 3421 923 3480 igitur
936 3427 1040 3473 tumultu
1049 3424 1127 3490 Julia-

86 3485 190 3536 iluntius
205 3498 261 3534 com
272 3485 296 3532 in
310 3486 394 3546 Perias
404 3488 589 3546 expeditionem
627 3500 675 3535 nus
687 3485 787 3536 cordius
805 3487 839 3533 eii
857 3485 912 3534 lieri
926 3485 1079 3548 imperator,
1103 3488 1127 3536 dt

84 3558 207 3612 pararet,
225 3549 387 3600 Germanicos
404 3551 526 3603 exercitus
546 3553 590 3612 qui
628 3551 724 3609 angunt
746 3551 853 3598 habitum
873 3549 980 3598 induere.
1006 3562 1071 3610 qttre
1085 3562 1127 3599 rea

88 3611 197 3663 Gillium
216 3611 355 3662 tumbantur
379 3615 523 3673 evocabat,
547 3615 589 3664 sed
627 3612 660 3662 lta
679 3614 815 3662 commovit
827 3612 1012 3674 Constantium,
1027 3611 1127 3664 uelatis

88 3674 181 3726 milites
194 3676 238 3736 qul
248 3674 319 3724 inviti
333 3689 348 3723 e
364 3677 452 3726 Galliis
466 3679 490 3725 in
501 3679 589 3728 Orien·
628 3689 690 3735 pace
709 3677 875 3737 qualicunque
896 3676 920 3725 in
943 3677 1046 3726 Oriente
1068 3689 1126 3726 curn

87 3748 140 3785 rem
156 3740 363 3798 traducebantur,
378 3739 524 3790 seditionem
536 3756 589 3792 nto·
626 3739 730 3800 Partitis,
745 3738 970 3790 convertenturma
988 3741 1013 3796 ln
1027 3752 1126 3801 patrue-

87 3811 166 3863 veot,
179 3801 520 3864 &Julianumlmperatorcm
530 3819 588 3865 pru·
626 3805 676 3851 lem
688 3804 827 3867 Julianum,
843 3803 886 3852 sed
904 3803 929 3852 ln
944 3803 1032 3852 itinere
1053 3802 1127 3864 periit

88 3865 206 3913 clamant.
219 3870 267 3915 An.
282 3867 315 3916 U.
329 3879 400 3916 1112.
414 3869 468 3926 poll
477 3869 522 3918 Cb.
533 3870 589 3928 360.
626 3866 815 3928 Mortuerum,
829 3865 898 3922 cuius
912 3867 962 3916 luel
973 3865 1085 3915 meminit
1101 3867 1126 3914 dt

87 3924 150 3975 Huc
164 3927 277 3988 iutelligit
290 3929 393 3988 Eutrop.
406 3933 438 3980 A.
448 3933 474 3981 ii.
625 3931 816 3981 Ptolemaeusin
833 3929 933 3982 minoris
942 3930 1074 3988 Armeniae
1082 3930 1127 3978 de·

122 3993 291 4040 Gar-animani
315 3993 381 4056 eia]
408 3997 470 4049 Cum
490 3994 590 4047 notities
626 3993 769 4050 scriptione.
783 3995 868 4044 Gtau.

89 4053 271 4103 Germanorum
298 4057 422 4108 exercitus
451 4070 506 4108 cum
531 4071 589 4121 tege
658 4055 745 4121 civile]
760 4053 995 4116 ContraJullanum.
1013 4055 1095 4106 Grau.

91 4116 323 4173 Chonodomarius
341 4121 478 4185 Gallicanis
496 4122 590 4192 Roma·
657 4119 811 4190 ctmrfiu,]
825 4117 1124 4232 inoccidentemuaz
