2875 4650
509 265 1130 366 unnrcnrrotuus

178 421 185 429 ,
307 473 416 542 χιπας
441 441 517 540 (ita
534 443 622 517 haec
637 437 950 536 Eutropiivettit)
974 443 1092 530 otuelus,
1116 445 1168 516 tul
1188 445 1268 514 tuns
1284 465 1331 514 rr*

307 575 358 619 aas
372 546 483 618 lullum
501 571 536 613 ru
558 541 688 626 ubiles,
713 535 762 614 otis
776 535 943 632 Δημιῖςχκι
962 538 1096 611 intinere.
1146 542 1221 625 lbi,
1242 563 1332 637 quos

305 641 488 738 &fraisnet
511 640 701 736 appellavit
723 636 934 730 Eutropius,
961 635 1116 710 Graecus
1130 643 1242 716 lullus
1264 663 1329 712 uo·
1420 711 1421 714 ,

307 766 366 815 cat
375 794 388 831 ,
401 739 438 813 ὅι
453 763 558 836 quum
576 737 745 832 Διμάςχις
758 735 854 808 dicat
871 733 1047 808 Tribunos
1062 735 1197 822 Plebis,
1212 735 1329 811 osten·

304 843 357 914 dit
375 839 537 935 proprios
564 834 634 907 esse
656 835 815 930 judices,
837 837 936 907 otuelus
956 831 1129 928 elaturus,
1154 831 1330 909 videlicet

304 963 350 1014 ox
364 941 467 1032 plebe
480 933 609 1008 lesium
624 931 894 1028 Magistratum,
912 951 983 1002 non
993 983 1005 1019 ,
1031 929 1131 1004 srcuti
1147 933 1330 1023 Consules,

307 1063 352 1112 ex
366 1040 497 1108 Senatu
510 1034 567 1105 vel
585 1031 800 1104 Nobilitate.
827 1030 1009 1101 Praeterea
1023 1027 1047 1101 fi
1061 1031 1205 1102 uindices
1215 1029 1253 1104 δι
1272 1033 1328 1104 ds·

294 1132 451 1234 jenfhres
466 1127 603 1204 dixillet
619 1129 828 1224 Eutropius,
851 1125 905 1198 bis
925 1125 1020 1200 idem
1035 1125 1187 1204 dixiffet.
1212 1127 1331 1220 Juuer

302 1229 478 1328 Eutropio
498 1229 594 1302 idem
616 1225 778 1322 estquod
799 1223 1049 1318 Magistratusr
1073 1227 1163 1300 unde
1186 1225 1232 1299 de
1254 1231 1330 1301 Ae·

304 1352 416 1432 gypto
433 1331 676 1402 Romanorum
695 1324 844 1418 imperio
862 1319 1016 1415 subjecta
1030 1325 1089 1398 lib.
1101 1347 1166 1398 tur.
1192 1348 1268 1420 cap.
1290 1349 1328 1421 7.

304 1455 349 1527 p.·
363 1438 446 1518 287.
495 1423 761 1520 Praepostrusque
782 1427 812 1495 ei
833 1421 890 1492 Cn.
909 1422 1072 1524 Cornelius
1092 1421 1216 1496 Gallus.
1241 1425 1329 1497 hunt

300 1533 443 1628 primum
456 1527 626 1619 Aegyptus
640 1523 820 1595 Romanum
831 1521 973 1616 judicem
989 1521 1114 1594 lubuit.
1143 1521 1256 1694 (puem
1273 1522 1329 1618 ip·

304 1635 379 1703 sum
404 1626 520 1696 locum
540 1645 610 1694 non
630 1621 789 1717 neglexit
804 1641 948 1691 monere
962 1641 1137 1716 nunquam
1168 1621 1233 1695 atis
1253 1621 1329 1693 lau·

303 1724 439 1800 dandus
462 1718 554 1793 Frid.
578 1719 783 1816 Sylburgius
806 1717 840 1790 in
865 1717 985 1790 Indice
1000 1717 1081 1808 suo,
1104 1719 1165 1792 ubi
1186 1719 1333 1810 scribit,

305 1823 457 1898 eundern
480 1819 614 1906 citans,
640 1816 775 1908 Judeu,
800 1820 823 1888 i.
850 1839 877 1888 e.
904 1813 1136 1912 Magistratus.
1159 1816 1330 1892 Similiter

304 1919 447 1998 Orostus
463 1939 520 1990 ιιι.
549 1938 605 2006 14.
629 1916 675 1987 de
688 1915 852 2009 Philippo
870 1909 907 1986 δι
924 1913 1121 1990 Thebanis:
1148 1915 1258 2012 Pulsus
1270 1921 1331 1990 du-

303 2025 421 2096 dumo
448 2019 595 2102 civibus,
627 2018 661 2086 in
682 2017 826 2108 patrium
854 2009 1018 2107 restituit:
1043 2009 1083 2085 'ex
1107 2017 1220 2109 quibus
1248 2039 1329 2102 ccc.

198 2125 201 2130 ’
304 2123 415 2194 exules
425 2117 554 2210 judices
574 2117 766 2206 terroresque
779 2107 953 2205 praefecit.
979 2110 1017 2185 δι
1030 2115 1149 2206 saepe.
1186 2115 1329 2188 Praete·

304 2243 365 2292 tea
386 2233 460 2286 non
476 2207 582 2306 ipflrs,
608 2229 646 2282 ut
667 2211 710 2283 ad
727 2211 905 2284 Tribunos
931 2205 1124 2299 referatur,
1151 2209 1208 2286 sed
1229 2211 1329 2310 ipse,

301 2315 474 2392 relatione
489 2310 535 2382 ad
550 2309 741 2403 Populum,
766 2307 884 2381 omnia
903 2309 1007 2383 MSS.
1034 2309 1266 2406 exemplaria,
1286 2309 1330 2386 ἅ

306 2416 462 2489 Graecus
479 2430 620 2503 quoque
634 2405 895 2501 Metaphrastes
911 2407 1045 2499 legunt.

355 2512 476 2611 Quum
491 2528 562 2579 non
581 2528 651 2578 uno
667 2504 777 2577 modo
793 2502 919 2597 Capita
932 2506 968 2578 in
986 2506 1097 2582 Editis
1112 2500 1334 2606 distinguan-

306 2632 383 2696 tur,
406 2610 529 2681 Annae
549 2603 653 2677 Fabri
669 2601 929 2679 distinctionem
950 2601 1086 2677 secutus
1102 2608 1174 2679 sunt
1190 2608 1285 2705 quod
1304 2608 1334 2681 i·

269 2710 287 2735 '
305 2713 345 2787 bi
360 2708 485 2799 Capita
509 2702 664 2777 breviori
682 2702 815 2774 ambitu
827 2699 1177 2793 circumscribantur,
1201 2700 1333 2779 lndex'·

306 2835 376 2905 que
392 2806 591 2879 Verborum
610 2800 766 2873 omnium
787 2798 836 2872 illi
856 2795 1066 2895 potiliimum
1085 2803 1200 2895 aptari
1213 2802 1335 2900 possit.

306 2903 511 2984 Monendus
528 2917 710 2993 praeterea
726 2896 776 2969 est
791 2894 919 2984 leslor,
932 2896 1121 2992 saepiffime
1137 2923 1247 2975 annos
1262 2905 1333 2977 Ur·

308 3009 363 3081 bis
386 2999 561 3074 Conditae
580 2995 651 3069 &o
676 2998 712 3071 in
731 2998 840 3070 Notis
861 2995 1023 3070 Glareani
1042 3016 1146 3093 atque
1165 3002 1333 3075 Annaea

307 3108 342 3181 se
363 3100 522 3175 invicem
542 3094 748 3191 discrepati5
771 3094 861 3189 quod
887 3094 1011 3191 mirum
1031 3118 1101 3169 nou
1127 3097 1198 3187 est,
1224 3120 1338 3191 quum

305 3199 427 3279 Fastos
451 3196 593 3269 eosdem
618 3216 689 3267 non
709 3214 834 3265 omnes
858 3193 1043 3287 sequantur
1064 3194 1337 3271 Commentato-

305 3328 382 3389 res,
411 3296 504 3369 unde
519 3315 634 3387 neque
650 3291 721 3387 ipse
742 3291 949 3385 Eutropium
967 3292 1094 3387 ubique
1107 3314 1335 3393 unamatque

246 3422 251 3431 ·
308 3399 455 3477 eandem
484 3391 652 3486 temporis
682 3390 833 3485 sequitur
861 3394 1168 3483 supputationem,
1204 3414 1337 3470 uerum

306 3518 411 3597 prout
427 3493 648 3585 excerpserat
665 3486 862 3561 Histotieos
880 3508 1041 3576 veteres,
1066 3513 1152 3586 quos
1175 3491 1339 3588 legerat,

308 3614 456 3695 quotum
483 3590 623 3685 quidam
646 3586 819 3659 Varronis
840 3608 1043 3679 computum
1070 3590 1337 3684 sequebantur,

309 3690 536 3777 aliialterius,
559 3688 608 3759 ita
625 3708 885 3782 nonnumquam
902 3708 1015 3757 errare
1032 3686 1337 3781 deprehenditur,
1416 3724 1417 3766 ι

309 3794 403 3891 quod
424 3810 530 3885 quum
557 3784 686 3879 ubique
712 3784 755 3855 ad
780 3806 928 3855 examen
953 3805 1140 3867 reuocetur
1160 3786 1198 3861 in
1219 3788 1339 3863 Notis

309 3886 455 3966 Dosiils.
483 3886 682 3971 Virorum,
718 3884 826 3959 semel
848 3878 971 3955 dixilie
993 3881 1149 3956 sufficiat.
1199 3886 1343 3965 Monui

307 3989 462 4088 superius
492 3986 531 4061 in
563 3982 699 4083 Quarto
728 3980 811 4057 MS.
845 3978 1063 4076 Eutropiano
1091 3980 1344 4158 Bibliopltec‘tpe
1415 4050 1416 4095 ,

1244 4106 1338 4183 ug.
1415 4102 1416 4133 ι
