2875 4650
338 255 927 349 PRAEFATIO.
1071 289 1155 359 run

105 431 312 536 vidimus,
328 432 389 542 Sp.
412 424 580 540 Caffiurrr
598 423 732 512 diserte
747 423 928 540 exhibet)
953 425 1029 516 boc
1044 435 1152 520 enirn

110 574 210 635 non
227 546 335 644 aliam
353 541 408 628 ob
425 537 590 634 caussam
609 536 912 648 sanun-quam
930 542 1037 649 quod
1056 543 1154 632 nihil

117 655 366 748 memorabile
393 648 598 768 gesenut,
623 651 689 736 a'ut
715 651 766 738 ab
787 652 1027 760 auctoribus,
1053 684 1154 768 quor

120 773 292 882 sequutu
311 763 391 870 cst,
414 761 502 874 ipfia
523 761 824 868 omissrsuetint,
837 765 942 852 unde
957 794 1155 858 nonnum·

121 911 231 996 quam
258 881 361 994 ipson
380 880 565 966 Consules
586 874 735 964 silentio
769 881 1061 986 praetermittit,
1086 885 1155 993 qui

118 1021 246 1084 tameo
274 1021 328 1082 ex
352 993 434 1080 aliia
450 989 494 1078 dr
511 989 630 1078 Fastis
646 993 742 1077 noti.
765 990 1091 1101 quemadmodum
1110 1023 1156 1084 tn

114 1105 389 1198 Dictatoribus
405 1102 665 1212 recensendis,
692 1129 792 1212 quon
812 1131 951 1192 omnen
970 1107 1011 1189 in
1032 1136 1155 1196 uuum

112 1223 298 1336 conlegi,
324 1219 369 1304 dc
392 1215 562 1331 fingulos
582 1245 670 1304 curn
689 1213 848 1329 fingulie
867 1221 939 1304 suis
957 1220 1154 1332 Magistrie
1176 1219 1182 1226 “
1208 1287 1211 1292 -

115 1340 293 1447 equiturn
321 1336 363 1418 in
393 1333 455 1418 sua
486 1353 661 1439 tempora
687 1327 856 1444 digessi,
891 1332 1012 1418 hosa
1039 1333 1160 1420 Livio.

116 1445 274 1534 omissos
295 1447 469 1555 equiturn
489 1441 699 1556 Magistros
717 1443 872 1530 aliunde
892 1445 985 1530 erui.
1024 1449 1155 1534 Semel

117 1583 249 1650 tamen
268 1555 431 1660 accidit,
460 1577 502 1642 ut
528 1555 708 1642 Distator
727 1555 957 1670 Magistrum
978 1561 1154 1670 equitum
1326 1558 1329 1563 '
1433 1566 1434 1577 '

117 1702 202 1760 non
237 1671 434 1773 habuerit,
461 1695 601 1778 nempe
628 1670 785 1774 Buteo,
812 1695 956 1778 quern,
983 1675 1071 1781 quia
1098 1673 1154 1760 ob
1248 1707 1253 1715 ·

118 1781 340 1872 inusitatam
357 1779 518 1885 caussam
536 1802 684 1868 creatur
701 1792 975 1886 erat,8enatun
992 1788 1153 1893 explen-

120 1899 166 1984 di
187 1900 337 2010 gratia,
362 1895 404 1978 δι
420 1900 507 2006 quia
526 1897 620 1979 alter
642 1893 824 1980 Dictator
840 1898 882 1978 in
904 1895 1006 1981 bello
1022 1902 1155 1987 absens

120 2013 235 2098 sirum
272 2007 428 2095 habebat
457 2009 527 2094 Ma
560 2004 686 2092 istrum
725 2009 897 2116 equiturn
940 2011 1055 2116 atque
1097 2015 1151 2100 ita

118 2120 340 2211 inauditum
368 2118 491 2229 quid,
527 2033 626 2206 duos
657 2119 767 2206 simul
796 2117 1016 2208 Distatorea
1046 2121 1154 2228 esse,

117 2234 302 2349 Magistri
335 2234 506 2343 equitum
545 2259 630 2318 non
666 2231 842 2348 indigere
879 2235 1150 2345 opinabantur.

118 2349 244 2459 Quod
266 2344 560 2454 quodammodo
580 2355 711 2432 veruin
723 2408 738 2451 ,
765 2347 832 2432 etsi
858 2349 894 2433 se
922 2349 996 2459 ipse
1016 2351 1154 2437 Dttta·
1223 2444 1230 2451 ,

119 2481 246 2549 torern
267 2458 347 2547 fine
364 2487 415 2545 eo
432 2486 513 2545 noo
531 2458 733 2568 probavit,
751 2459 793 2543 dr
808 2458 929 2545 statim
948 2462 1150 2550 abdicavit.

118 2575 197 2665 Sed
217 2574 367 2661 Caesari
396 2570 471 2657 hoc
500 2568 625 2657 forsan
648 2574 867 2683 exemplum
888 2574 1046 2681 sequuto
1076 2580 1153 2665 alia

118 2688 310 2797 quaedam
339 2688 494 2771 evenire
518 2684 746 2793 potuissent,
774 2684 825 2768 ad
855 2710 954 2794 quae
980 2691 1153 2799 gerenda
1254 2732 1262 2746 ·

120 2798 303 2912 Magistri
325 2798 492 2909 equiturn
513 2824 629 2904 opera
648 2798 822 2910 indigere
841 2822 924 2883 non
949 2822 1151 2907 potueratr

118 2934 230 2999 certe
260 2913 301 2994 in
329 2912 457 2995 ceteris
488 2908 731 3011 Didaturio,
757 2937 987 3020 quamquam
1016 2918 1152 3004 omnia

118 3024 302 3112 adversus
320 3026 423 3138 seges
442 3021 568 3126 sada,
598 3022 806 3135 Magistros
828 3046 957 3111 tamen
977 3028 1153 3137 equitum

116 3138 184 3225 fibi
207 3138 284 3247 ipse
303 3134 414 3221 dixit.
452 3137 547 3241 Quo
574 3154 700 3222 autem
723 3134 868 3240 ruodo,
887 3159 994 3225 aura
1015 3144 1154 3252 quibus

116 3252 302 3359 deinceps
328 3248 454 3334 didus
482 3244 551 3350 fit,
580 3276 768 3359 nunquam
795 3251 917 3363 leg03
944 3250 1013 3339 nist
1043 3256 1152 3364 quod

116 3384 228 3453 extra
249 3365 395 3449 ltaliam
412 3360 614 3447 secondum
633 3362 813 3449 Dictator
838 3364 963 3450 dictur
990 3362 1035 3453 stt
1053 3396 1151 3457 con·

117 3502 177 3567 tra
194 3482 323 3593 legem
334 3539 347 3580 ,
359 3473 475 3584 idque
493 3476 533 3558 in
552 3502 697 3569 annum
710 3478 825 3562 etiarn
844 3499 980 3566 eontra
998 3483 1150 3595 segent,

116 3592 223 3679 unde
252 3596 438 3703 Augures
463 3588 562 3673 hanc
592 3587 835 3675 Didtaturarn
866 3593 947 3675 vitii
987 3622 1151 3711 arguere

115 3703 253 3805 veriti,
281 3698 455 3789 Antonii
474 3699 740 3813 Magisteriurn
765 3706 862 3789 ultra
887 3724 1040 3815 tempus
1057 3727 1152 3819 pro·
1164 3780 1189 3841 g

118 3837 299 3928 rogatum
317 3812 565 3917 accusabant,
590 3813 654 3900 sed
672 3818 767 3904 nihii
786 3815 889 3905 aliud
907 3816 1151 3934 efficiebant,
1290 3869 1298 3884 ,

117 3956 242 4047 guam
256 3946 299 4021 ut
315 3929 443 4038 multo
463 3926 533 4051 risu
557 3928 833 4037 exciperentur.
863 3928 914 4025 tic
941 3934 985 4025 io
1010 3933 1152 4027 decen.
1222 3960 1230 3971 ¹

596 4046 787 4222 sista
1041 4054 1153 4165 oium
