2875 4650
350 259 897 342 TESTIMONIA.

108 423 262 500 scribat:
288 418 464 518 Religionis
486 414 688 514 Christianae
708 414 903 512 usedomi,
924 419 1056 516 perinde
1076 435 1130 496 ta·

108 547 214 613 raro,
239 536 277 593 ur
296 546 397 594 uerte
417 517 608 616 abstineret.
658 515 729 590 Sed
752 517 801 588 ita
821 541 959 616 quoque
980 521 1132 595 scribere

111 620 235 714 potuit
248 620 400 716 gentilia,
414 619 538 695 saltem
553 614 663 714 quiin
677 613 835 690 confinio
850 621 1069 692 tenebratum
1086 641 1129 694 ac

113 719 204 792 lucis
217 718 437 806 constitutae,
453 740 522 790 nec
537 715 705 812 gentilem
721 713 928 805 religionem
943 718 1131 812 probaret.

115 839 184 890 nec
196 816 402 891 Cluillianae
414 835 531 890 tamen
546 835 676 887 nomen
691 810 858 886 dedillet:
883 817 998 910 quales
1013 821 1132 890 saecu·

113 913 182 988 lum
208 917 288 990 illud
318 915 445 989 habuit
470 915 611 988 multos.
661 911 729 985 Sed
754 933 943 1008 utcumque
967 914 1035 986 hoc
1057 911 1131 1003 est,

112 1030 287 1107 tempora,-
308 1034 348 1086 ut
365 1015 541 1101 vidimus,
565 1033 627 1085 eoa
646 1007 831 1100 refellunt,
856 1013 915 1104 qui
935 1009 1129 1108 Augustino

109 1113 309 1204 Eutropium
325 1110 464 1185 faciunt
472 1110 661 1207 juniorem.
699 1107 834 1204 stylum
851 1107 878 1182 st
893 1106 1042 1204 spettes,
1068 1121 1130 1204 pat-¹

108 1233 180 1282 rum
200 1208 250 1282 est
265 1209 488 1283 concinnus:
513 1207 575 1280 sed
594 1207 663 1281 hoc
682 1207 813 1294 aetati,
841 1230 909 1302 qua
932 1207 1044 1293 vixit,
1069 1207 1129 1284 tri·

108 1309 260 1380 buamus.
311 1309 388 1381 Res
403 1329 490 1380 veto
504 1307 593 1401 ipsae
609 1304 824 1398 compendio
845 1305 926 1378 satis
943 1306 1130 1380 commodo
1224 1363 1228 1368 .

108 1404 321 1480 constrinxit.
375 1408 469 1480 Sane
485 1402 610 1502 quanti
627 1403 649 1474 a
665 1403 811 1476 Graecis
827 1402 903 1499 fieri
919 1405 1045 1491 soleat,
1071 1403 1130 1477 vel

106 1523 313 1599 argumento
329 1504 516 1594 illuderit,
532 1501 624 1599 quod
638 1501 765 1594 Capito
780 1497 960 1575 historicus
980 1501 1130 1599 Lycius,

106 1605 278 1690 epitomes
303 1602 469 1698 Eutropii
490 1599 678 1695 perclamo
706 1597 879 1694 scripserit
905 1599 1060 1674 Graece:
1087 1621 1128 1676 ut

106 1701 226 1776 Suidas
247 1703 358 1780 docet
379 1703 415 1774 in
437 1702 585 1772 nalem.
633 1699 712 1770 lmo
732 1695 772 1772 ἃ
791 1698 973 1787 simlerus,
995 1699 1031 1772 in
1053 1700 1127 1794 Ap·

103 1800 269 1900 pendite·
279 1799 517 1872 bibliothecae
539 1793 709 1886 Gesneri,
741 1795 910 1884 testatur,
942 1797 978 1870 in
1003 1797 1129 1872 biblio·

106 1897 218 1970 theca
235 1899 274 1969 P.
291 1897 429 1971 Pithoei
451 1901 465 1950 ⁵
487 1891 620 1970 exstare
639 1903 768 1968 naraon
787 1893 973 1986 ptttddtpcttrt
994 1895 1127 1970 Roma·

107 2017 181 2066 nae
194 1993 358 2089 Eutropii
373 1991 542 2068 historiae.
580 1994 636 2067 Ac
651 1993 760 2066 video
776 1993 949 2089 quaedem
965 2013 1008 2068 ex
1024 1995 1128 2064 Pata·

105 2093 170 2166 nio
183 2094 257 2166 lroc
270 2091 607 2190 citariiScaligero.
634 2089 857 2186 Compendio
868 2091 1027 2184 Eutropii
1045 2091 1129 2162 Pau·

104 2189 158 2263 lut
172 2192 379 2278 Diaconos,
403 2189 599 2264 malesane
622 2189 805 2283 exemplo,
830 2187 888 2261 sua
910 2185 1063 2273 inlerfit3
1089 2205 1128 2262 ut

104 2287 212 2387 liquet
228 2312 275 2364 ex
294 2288 461 2362 undecim
478 2289 598 2385 primia
614 2285 794 2361 Historiae
808 2286 989 2362 Miscellae
1009 2286 1127 2363 libris:
1258 2351 1260 2357 ,

106 2388 148 2461 de
169 2388 298 2486 quibua
319 2388 498 2475 dicemut,
522 2410 602 2461 cum
623 2386 669 2459 ad
685 2386 828 2459 Paulum
843 2387 1040 2461 Diaconum
1063 2389 1126 2461 de·

104 2507 250 2561 ventum
266 2486 348 2560 eiit.
375 2488 545 2559 Meminit
559 2483 597 2558 or
610 2482 773 2577 Eutropii
793 2483 887 2557 deda
903 2486 995 2559 Hist.
1014 2486 1125 2581 Angl.

104 2585 180 2658 lib.
198 2588 226 2657 l.
251 2609 284 2658 c.
302 2607 356 2659 at.
381 2581 438 2671 or,
462 2583 522 2679 qui
541 2583 679 2657 saeculo
703 2600 781 2655 toto
804 2583 895 2655 Beda
914 2583 1032 2678 junior
1053 2584 1127 2670 est,

103 2682 319 2756 Hincm'atut
330 2678 729 2775 Rhemensts,opusculo
743 2676 787 2750 ad
796 2680 1026 2757 Hincmarum
1035 2680 1125 2755 Lau·

103 2780 294 2853 dunensem
312 2802 390 2877 cap.
406 2800 491 2851 avt.
510 2780 571 2853 ubi
584 2780 631 2852 de
646 2775 787 2851 castello
799 2777 967 2848 Laudunu
982 2778 1128 2873 loquens

102 2880 174 2951 ait:
200 2902 228 2965 ¹„
242 2878 366 2980 Quod,
391 2874 478 2951 ficut
492 2876 679 2970 Eutropius
687 2924 700 2963 ,
726 2874 888 2971 antiquus
904 2871 1127 2973 historiogra-

104 3030 129 3065 „
156 2972 739 3071 phos,dicit‚auetoreMarc0trrio
753 2992 915 3067 praetore
927 2974 1125 3064 conditum,

105 3128 130 3165 ‚,
155 3076 201 3147 ab
224 3074 374 3147 exordio
394 3072 445 3145 sui
467 3072 507 3145 in
528 3072 734 3170 paganismo
749 3070 842 3143 lnter
858 3070 1043 3161 civitatee,
1069 3076 1128 3147 vel

107 3228 130 3257 ,,
153 3172 395 3267 provinciales
409 3169 665 3258 sedet‚nomen
686 3164 725 3241 dc
742 3166 856 3242 locum
873 3192 944 3241 non
961 3169 1125 3243 habuit.''

106 3273 203 3344 Facit
217 3269 254 3343 or
270 3269 491 3343 mentionem
509 3265 721 3341 Flodoardue
735 3265 867 3339 Pontis.
883 3270 985 3343 Rem.
1006 3267 1087 3343 Lib.
1098 3269 1125 3342 l.

106 3392 220 3463 cap.·1.
235 3366 276 3443 ἃ
291 3370 367 3442 Leo
383 3364 549 3441 Ostienlit
573 3364 651 3477 <qui
664 3362 830 3437 Alexii&
846 3365 992 3439 Henrici
1009 3367 1125 3461 lmpp.

107 3470 320 3565 temporibus
330 3466 417 3565 luit)
431 3457 795 3540 ChronictCafinenlis
810 3462 888 3537 Lib.
899 3465 926 3538 1.
943 3487 1020 3559 cap.
1030 3486 1124 3641 avg.

1108 3584 1129 3639 e

148 3765 164 3820 5
182 3750 280 3811 Codex
293 3751 346 3811 isse
361 3748 440 3809 idem
453 3745 564 3807 videtur
577 3750 632 3811 tll'e
646 3766 710 3809 cum
727 3767 763 3807 eo
777 3746 856 3819 eujus
873 3744 1058 3806 meminerunt
1075 3742 1129 3805 Ca·

113 3824 198 3896 talogi
207 3824 404 3889 Bibliothecae
417 3823 587 3896 Bauatienlit
599 3827 647 3901 qui
660 3844 736 3885 anno
749 3841 850 3884 arnon.
864 3824 1047 3897 proliciunt,
1059 3822 1129 3879 duo·

116 3902 318 3979 docimncmpe
335 3904 420 3963 annis
438 3900 502 3973 poll
519 3900 671 3966 editionem
688 3903 833 3963 Historiae
845 3902 992 3993 Romanae
1005 3898 1131 3974 Scalpto-

113 3994 176 4039 rum
189 3974 597 4055 GraecorumSplburgianan.
674 4056 725 4100 u
750 4056 841 4146 ”3
972 4052 975 4059 ,
1026 4046 1030 4055 ,
