2875 4650
264 238 1001 368 arnnnnrnrtonns
1143 381 1148 389 ,

108 460 191 512 rnus
208 437 248 512 id
265 461 369 534 opus,
389 457 428 510 nt
448 459 544 512 nunc
562 438 715 535 primunr
730 437 867 514 editum
888 441 1001 518 videri
1025 445 1141 541 podir.

151 537 206 610 -Si
221 539 396 633 quisquam
411 533 465 610 est
477 557 597 610 autem
613 561 659 611 ex
675 541 871 634 elegantiae
884 537 1061 634 studiosa,
1081 547 1140 622 cui

112 634 242 708 titulus
253 659 279 730 a*
289 637 393 710 nobis
408 631 603 732 repositus,
630 635 777 710 insolens
791 656 897 734 atque
911 641 1001 714 adeo
1016 642 1142 726 barba·

112 756 193 821 rus,
216 755 362 830 propter
373 734 556 830 vulgarem
573 734 745 808 Breviarii
760 730 1051 833 significationem
1066 739 1137 818 ess'e

114 832 289 907 videatur:
317 833 352 906 is
374 833 480 922 sciat,
505 831 671 926 scriptum
691 833 836 921 librum,
871 835 968 931 cujus
984 839 1139 936 antiqui·

113 929 230 1026 quitari
254 933 315 1006 vel
337 932 411 1004 hoc
436 931 517 1005 loco
542 933 730 1025 plurimum
757 933 968 1021 tribuimus,
1004 940 1054 1010 ita
1075 941 1136 1012 ha·

110 1027 234 1121 baisse,
259 1053 336 1103 nec
348 1027 420 1103 effe
432 1053 493 1102 cur
511 1030 729 1124 rejiciamus,
755 1029 936 1128 postquam
950 1034 1079 1108 Plinius
1096 1033 1136 1110 dt

103 1127 290 1202 Suetonius
305 1128 524 1202 breviarium
541 1152 606 1222 pro
621 1131 898 1220 commentario,
924 1127 962 1202 dt
981 1151 1020 1203 ut
1039 1155 1135 1208 nunc

102 1226 211 1324 uulgo
230 1227 395 1318 dicitur,
425 1227 611 1320 epitome,
646 1229 764 1302 multis
787 1229 878 1302 locis
905 1230 1134 1326 usurparunt:

102 1325 262 1418 quamuis
287 1327 425 1400 scribat
443 1327 575 1399 Seneca
596 1326 630 1400 in
655 1349 697 1401 ea
715 1323 860 1422 epistola
882 1351 974 1424 quae
996 1333 1134 1414 suarum

98 1420 375 1520 trigesimanona
391 1421 609 1511 inscribitur,
629 1422 691 1498 suo
706 1445 864 1520 tempore
878 1429 1136 1522 vuigoBreoiu·

98 1523 181 1594 rium
202 1522 277 1597 dici
299 1543 493 1620 coeptum,
517 1521 610 1620 quod
631 1543 736 1615 ante,
761 1547 841 1596 curn
865 1527 993 1601 Latine
1010 1527 1132 1624 ioque·

98 1641 218 1694 rentur
232 1621 419 1711 Romani,
444 1623 662 1696 Seminarium
677 1625 882 1696 vocabatur.

146 1719 204 1792 De
227 1721 387 1794 authore
412 1719 523 1792 solum
543 1721 613 1794 hoc
633 1722 886 1817 comperimus,
910 1724 1131 1800 Brevittrium

99 1814 170 1890 hoc
195 1841 317 1891 rerum
336 1820 580 1892 Romanarum
599 1819 644 1892 ad
666 1820 825 1892 Fluvium
847 1821 1039 1899 Valentem
1057 1823 1130 1896 Au·

99 1914 244 2010 gustum
261 1916 525 2010 conscripsisse,
555 1919 714 2014 quicum
737 1917 994 1991 Valentiniano
1020 1919 1128 1993 fratre

94 2013 280 2114 imperare
295 2018 435 2111 coepit,
459 2035 499 2088 ut
512 2034 614 2110 putet
626 2017 882 2110 Hieronymus,
909 2016 1130 2092 AnnoChri·

96 2107 141 2184 ssr‘
160 2133 346 2188 cccnxrrr.
379 2115 418 2188 iu
439 2114 538 2207 cujus
560 2114 729 2191 Breviorii
751 2116 844 2186 libro
867 2113 992 2200 ultimo
1011 2117 1141 2207 obiter
1235 2208 1237 2214 ,

96 2209 165 2284 hoc
179 2209 277 2286 dese
291 2211 607 2310 attigit,militasse
623 2211 1001 2308 subJuiianoAugusto
1012 2270 1023 2301 ,
1035 2215 1128 2310 ejus·

116 2332 159 2383 ue
176 2310 216 2385 in
232 2309 362 2391 Persas
378 2309 600 2406 expeditioni
614 2309 818 2385 interfuisse.
865 2311 972 2411 Quod
988 2312 1013 2385 sr
1028 2338 1130 2407 prae·

125 2406 248 2498 risset,
264 2410 414 2505 quaein
432 2430 593 2484 extremo
609 2411 737 2484 eodem
755 2412 847 2483 libro
862 2411 1005 2486 decimo
1024 2413 1127 2505 poili·
1200 2416 1207 2425 '

95 2524 213 2598 cetur,
224 2508 301 2583 iilic
315 2504 466 2583 sortasse
479 2510 575 2603 plura
592 2508 636 2582 de
652 2510 687 2583 se
703 2511 892 2583 memoriae
907 2510 1124 2604 prodidisset.

95 2604 330 2683 Christianum
354 2606 436 2679 sunt
457 2608 515 2702 qui
532 2604 632 2680 fuisse
651 2607 846 2702 conjiciant
866 2630 911 2678 ex
935 2609 989 2681 his
1005 2608 1051 2681 de
1066 2619 1146 2683 eo·-'
1176 2640 1179 2643 ·
1315 2652 1320 2663 ι

93 2700 173 2777 dero
193 2704 361 2798 lusiano:
386 2708 519 2779 Nimius
531 2708 699 2800 religionis
722 2703 922 2801 Christianus
936 2703 1131 2800 iusuiutor,

89 2804 225 2893 perinde
239 2820 356 2879 tomen
369 2820 406 2877 ut
419 2828 529 2877 cruore
543 2802 734 2899 ubstiuuet.
754 2802 1033 2899 scripseruntque
1049 2806 1130 2899 qui·

92 2898 177 2973 dam
195 2920 329 2996 nuper,
353 2903 452 2999 quod
468 2903 662 2981 monachus
679 2901 784 2977 suerit
795 2897 865 2990 ,dt
878 2904 924 2975 D.
936 2902 1125 2997 Augustini

91 2996 305 3095 discipulus:
328 3001 389 3075 sed
404 3022 475 3077 non
489 3022 560 3097 ego
575 3000 735 3080 credulus
747 3001 834 3087 iliis,
860 3001 920 3096 qui
936 3001 1023 3074 nihii
1040 3024 1124 3097 pro·

91 3096 184 3172 bant.
210 3121 297 3173 narn
318 3122 436 3196 neque
461 3121 549 3173 unus
572 3099 664 3195 apud
691 3100 945 3190 Ammianum,
978 3101 1123 3195 Prospe·
1170 3170 1173 3178 .

90 3216 182 3285 rurn,
218 3198 456 3273 Gennadium
482 3196 520 3271 dt
540 3198 626 3273 alios
653 3199 762 3271 etiam
789 3196 917 3270 eodem
942 3217 1126 3293 tempore,

92 3292 304 3391 Eutropius:
331 3320 450 3393 neque
462 3296 498 3370 in
515 3297 558 3372 iis
576 3295 779 3370 authoribus
793 3299 1002 3395 quicquam,
1027 3298 1123 3391 quod

89 3392 132 3463 ad
150 3393 248 3467 hunc
265 3395 451 3492 pertinere
465 3394 675 3490 Eutropium
690 3392 883 3468 asseverare
899 3394 1012 3493 poffis.
1036 3396 1126 3483 Hoc

91 3505 227 3564 tantum
242 3493 465 3581 addiderim,
480 3492 927 3589 Constantinopolitanum,
942 3495 999 3566 seu
1016 3516 1121 3588 quem

89 3584 123 3659 se
141 3610 328 3663 memorat
343 3592 549 3665 Ammianus
557 3592 786 3667 Marcellinus
804 3593 840 3665 in
856 3611 1018 3665 extremo
1033 3593 1122 3677 libro

92 3684 273 3781 trigefimo
298 3689 437 3783 primo,
462 3688 637 3764 Graecum
657 3688 695 3763 dt
715 3691 904 3763 militarem
928 3687 1049 3779 fuiffe,
1074 3712 1120 3765 ex

91 3780 147 3855 bis
160 3784 259 3876 posse
276 3786 431 3880 conjici:
451 3789 618 3882 primum,
632 3789 726 3883 quod
742 3788 815 3883 ejus
831 3810 960 3861 nomen
978 3791 1122 3863 unicum
1233 3818 1235 3823 ·

91 3874 157 3965 fit,
182 3878 221 3956 dt
242 3881 521 3959 Graecanicum:
546 3887 692 3976 deinde,
715 3888 807 3982 quod
830 3890 944 3960 oratio
967 3910 1035 3960 non
1059 3888 1118 3960 ad·

88 3976 244 4055 modum
264 3982 430 4057 Romana
455 3982 537 4079 (nist
558 3982 583 4058 fi
603 3986 637 4056 id
653 3988 790 4060 saeculo
805 3984 854 4059 iili
869 3985 970 4060 mulis
993 3984 1123 4181 adseri}

610 4083 630 4124 *³
656 4106 678 4156 a
1013 4086 1096 4158 bete
