2875 4650
316 352 388 443 api·
484 332 771 422 uuruoin
821 336 972 425 Hr'sr.
1023 326 1165 429 nolli.

315 522 371 597 iris
385 526 402 564 ⁶
416 524 541 595 contra
549 522 879 619 Pseudophilippum
891 522 908 571 ἅ
921 523 1034 599 missus
1048 524 1116 617 est,
1142 518 1181 601 &¹
1195 533 1211 573 ²
1223 528 1342 605 XXV:

315 623 470 695 millibus
489 620 564 694 fex
589 622 761 694 mlitibus
789 622 879 719 ejus*
903 624 1051 714 occisis,
1088 628 1340 703 Macedoniam

313 722 473 813 recepit3
494 718 604 813 ipsum
620 721 729 793 etiam
739 720 1069 819 Pseudophilippum
1083 725 1120 799 itt
1133 724 1341 820 potestatem

315 821 412 893 setam
437 817 588 913 redegit.-

366 918 468 989 XIV.
502 916 693 990 Corinthiis
729 937 865 1014 quoque
907 919 1037 995 bellum
1068 919 1238 995 indiRum
1273 920 1341 1013 est,

313 1015 544 1089 nobiliffimae
565 1016 737 1089 Graeciae
755 1018 917 1103 civitati,
941 1038 1086 1112 propter
1109 1020 1276 1113 injuriam
1294 1023 1340 1092 le·

314 1133 480 1207 gatotum
497 1115 747 1187 Romanorum.
798 1116 927 1187 Hanc!
942 1117 1137 1189 Mummius
1154 1120 1270 1191 consul
1286 1142 1338 1191 ce·

316 1212 372 1307 pit
388 1212 405 1258 '¹
420 1235 461 1284 ac
476 1211 599 1305 diruit,
650 1214 740 1285 'l'res
759 1212 868 1307 igitur
891 1214 1026 1287 Romae
1046 1213 1142 1289 simul
1162 1216 1340 1289 celeberri-

316 1310 370 1385 mi
394 1295 563 1409 triumphi
585 1306 745 1384 fuerunt:
772 1308 934 1385 Africani
958 1335 1001 1385 ex
1019 1312 1158 1386 Africa:
1184 1333 1266 1388 ante
1284 1328 1339 1385 cui

1244 1412 1402 1505 pue,

499 1528 737 1615 Ventris
801 1538 1166 1614 Lnorrortrse}

356 1720 375 1769 c
393 1710 487 1768 Cortira
500 1709 652 1786 Philippum
664 1712 702 1769 V.
813 1758 817 1765 .
917 1768 918 1771 ,
1047 1764 1050 1771 ,
1096 1778 1103 1789 ,

357 1788 377 1845 d
396 1788 422 1845 A
436 1786 529 1865 missus
543 1806 631 1862 usque
646 1786 725 1847 adin
737 1784 884 1864 widinen
899 1786 974 1847 delet
986 1788 1021 1845 L.
1035 1788 1067 1845 B.
1084 1802 1110 1859 3.

354 1882 373 1922 e
391 1866 457 1923 XX.
476 1866 592 1923 millibus
607 1866 682 1923 HM.

356 1940 372 1998 i
386 1941 497 1999 Desunt
512 1942 545 1999 L.
561 1944 594 1999 Β.
608 1942 638 2001 S.
652 1944 690 1999 N.
706 1942 766 2000 LC.
784 1942 819 2001 G.
834 1942 910 2000 HM.
924 1940 1017 2016 Lugd.
1029 1940 1090 1999 ilat.
1104 1956 1133 1998 2.
1146 1954 1172 2012 3.
1185 1956 1212 2014 4.
1232 1954 1264 2001 ut
1277 1941 1301 2001 ἃ
1314 1958 1336 2002 r.
1400 2014 1402 2033 ⁴

317 2019 369 2095 qui
388 2030 483 2075 tamen
502 2018 558 2092 ejus
576 2018 670 2077 habet.

354 2112 378 2235 ξ
394 2094 538 2233 mciii&
546 2096 579 2226 ξ.
587 2096 752 2244 {vzmigov
760 2096 794 2155 L.
802 2097 835 2154 B.
844 2112 872 2169 4.
890 2094 1035 2155 Nummius
1045 2094 1162 2155 L.B.a.
1180 2095 1303 2155 Nemnis
1316 2104 1339 2165 3.

681 2324 1077 2392 Nonam·

248 2454 254 2462 Ι
314 2487 365 2538 iem
386 2487 429 2538 iub
445 2476 815 2546 libertatlsspeeieredigerentt
885 2485 1029 2536 corinthiis.
1051 2521 1058 2536 .
1079 2523 1088 2540 .
1109 2481 1220 2550 eiviiae'l]
1244 2469 1280 2533 ll'e
1294 2475 1336 2531 itae
1401 2543 1402 2550 ἵ

315 2549 387 2602 initio
405 2566 420 2601 a
434 2551 576 2608 Carthagine
594 2554 691 2599 aemula
705 2553 766 2599 urbe
779 2551 815 2598 sa'·
852 2549 979 2596 locutione
996 2550 1121 2612 Eutropio
1137 2549 1244 2600 familiari
1254 2582 1262 2608 ,
1274 2547 1323 2594 vide

318 2613 378 2678 sto,
392 2613 462 2671 cujus
478 2613 572 2661 ruinam
592 2612 721 2662 Corinthus
740 2627 814 2662 exce·
853 2621 916 2670 quae
933 2613 1036 2661 diximus
1053 2617 1085 2662 etl
1100 2617 1128 2664 L.
1142 2628 1160 2662 r.
1178 2625 1247 2662 eno.
1269 2576 1337 2658 euti

336 2675 620 2738 lt,tnortnobilisutn.tin
631 2672 747 2736 Hispania
758 2675 816 2725 urbs
854 2671 885 2722 de
903 2675 1001 2734 ancipiti
1022 2677 1096 2726 vocis
1118 2671 1216 2736 inseriae
1232 2671 1335 2732 smrlfiet·

315 2693 457 2791 flumenis.
479 2737 619 2800 provincias
633 2740 705 2788 etiam
727 2740 816 2789 liberas
853 2738 920 2784 tione
931 2739 962 2785 ad
980 2749 1002 2785 c.
1015 2749 1050 2786 tt.
1077 2739 1186 2796 ejusdem
1197 2738 1256 2786 libri.
1263 2738 1336 2782 vesu.

315 2805 395 2864 sittim
415 2804 439 2852 in
459 2803 599 2852 servitutem
617 2814 765 2863 rapuerant,
789 2813 816 2853 ut
885 2797 1279 2862 IllolilifflnaeGraeciaecivitati‚]
1293 2797 1337 2842 Co·

315 2862 491 2916 Macedoniam
504 2867 527 2915 it
544 2877 626 2924 regunt
643 2869 773 2926 regiones,
790 2879 814 2914 e·
854 2865 933 2910 rlntlto
945 2863 1049 2920 Acltejae
1060 2865 1089 2913 in
1100 2863 1283 2930 Peloponneso,
1293 2857 1336 2905 Co2

315 2929 389 2990 ieiiis
410 2930 513 2988 regibus.
555 2927 593 2976 Sic
616 2929 746 2990 Rhodum,
765 2929 815 2986 Cy·
853 2927 997 2974 rintltiacttm
1020 2925 1085 2976 inte'r
1112 2931 1135 2978 ἀ
1159 2927 1293 2975 Saronicum
1313 2921 1337 2967 st·

314 2993 406 3056 prum,
430 2993 551 3050 Cretam,
574 2991 670 3051 Aliam,
694 2991 716 3039 st
741 3004 815 3048 quem
854 3001 918 3036 num.
940 2989 1005 3037 Η.

314 3057 387 3106 itonl
402 3057 534 3103 Caeterum
548 3053 588 3101 hic
597 3054 700 3102 Romani
710 3055 815 3113 primum
885 3053 980 3112 Propter
1004 3055 1116 3112 injuriant
1139 3045 1272 3116 legatorum]
1295 3037 1337 3120 §illl

313 3117 490 3169 Macedoniam
505 3117 530 3164 in
549 3116 702 3175 provinciam
717 3118 816 3175 redege-
853 3117 935 3173 prlmo
952 3113 1059 3163 ludibrio
1084 3116 1176 3175 habiti,
1198 3113 1280 3163 deinde
1297 3118 1338 3155 tte·

314 3195 390 3239 runt,
404 3195 434 3229 ac
446 3180 597 3229 tributariam
604 3178 725 3227 fecerunt.
735 3177 816 3228 Gnrrt‘.
853 3189 906 3225 rum
923 3177 998 3238 miili,
1014 3179 1103 3238 ptttlsati
1121 3180 1226 3240 suerunt.
1242 3179 1270 3224 A.
1280 3171 1303 3220 F.

348 3245 411 3293 lllv.
426 3243 544 3291 Corinthiis
559 3259 641 3305 qaoque
661 3245 738 3291 hliuni
756 3244 815 3290 indi·
884 3243 1004 3288 Mummius
1019 3241 1109 3306 confici]
1132 3243 1180 3304 Qui
1194 3231 1336 3290 ludensis!-¹

316 3306 395 3371 siau]
409 3307 452 3368 Jus
468 3306 577 3365 gentium
592 3309 683 3365 legatos
700 3318 764 3354 tutos
780 3306 814 3353 sn·
854 3314 896 3352 cus
913 3303 990 3352 trous
1009 3305 1051 3354 esi.
1071 3309 1100 3354 Λ.
1113 3305 1139 3354 F.
1306 3359 1310 3372 Ι

315 3372 356 3420 cit.
389 3371 435 3418 Sed
449 3367 555 3416 Romani
571 3369 596 3416 itt
610 3367 770 3427 legationibus
778 3382 815 3426 ty·
887 3369 939 3414 Tres
956 3370 1026 3414 iitur
1043 3371 1127 3418 Rem
1139 3355 1335 3430 finnionem-l

315 3441 407 3482 rennos
427 3434 544 3490 agebant:
566 3431 589 3478 ἃ
611 3431 727 3490 quicquid
746 3431 815 3480 iole·
854 3385 979 3492 lriampii5
1012 3431 1034 3478 Si
1056 3445 1143 3488 verum
1169 3430 1203 3477 est
1228 3430 1269 3474 laos
1293 3421 1336 3468 tres

315 3495 392 3555 bant,
416 3495 609 3555 praeclpiebant.
634 3495 706 3555 Quod
731 3494 815 3553 siquis
854 3495 920 3540 simul
935 3489 1104 3554 triumphose,
1121 3501 1181 3554 puto
1196 3482 1335 3539 hocsestuffl

314 3559 419 3616 injuriae
436 3571 522 3607 eorum
538 3558 680 3613 obsistebat,
700 3557 734 3606 lbi
753 3560 815 3617 lega·
854 3569 918 3604 anno
938 3556 967 3603 ab
983 3558 1015 3605 U.
1031 3553 1060 3604 C.
1077 3559 1133 3605 608.
1166 3555 1195 3604 Et
1209 3550 1334 3620 Metellum.

316 3631 357 3672 tos
371 3624 456 3671 contra
469 3621 507 3678 jus
521 3620 627 3680 gentium
638 3619 746 3678 pulsatos
755 3633 814 3680 qoe-
854 3631 910 3666 ttnte
929 3619 1094 3680 consulatum,
1110 3621 1246 3666 Praetorem
1263 3618 1336 3684 enum·

316 3687 451 3744 rebantur,
475 3685 531 3732 inde
551 3685 580 3732 ad
598 3682 693 3730 urbium
710 3686 804 3732 eversio
854 3681 942 3740 pirasse.
974 3685 1007 3731 llt
1021 3683 1107 3732 Florus
1121 3683 1145 3728 in
1163 3677 1333 3739 llviiEpttome

315 3750 362 3798 tres
380 3748 554 3809 properabant.
573 3746 605 3794 ita
622 3745 753 3794 Corinthus
772 3749 814 3794 de·
853 3747 956 3794 lib.t.11.
971 3745 1096 3804 coniungit
1109 3743 1206 3792 Metelli
1221 3751 1248 3788 ae
1262 3735 1334 3783 ΡΜ·

317 3816 390 3869 leta,
417 3813 441 3859 δι
467 3811 530 3858 aliae
556 3809 697 3856 innumerae
733 3811 814 3859 urbes.
852 3809 934 3868 pionis
949 3790 1333 3868 triumpltos.1unmllpaulou0st

316 3875 401 3924 Grata.
423 3875 479 3920 lloc
501 3873 535 3920 eli
556 3871 648 3919 bellum
663 3875 815 3934 Achaicum,
852 3871 936 3920 refert.
952 3870 1034 3920 Gtert.

315 3939 347 3988 de
362 3951 412 3997 quo
427 3934 525 3993 Florus,
543 3947 578 3982 tt.
597 3935 633 3981 16.
650 3947 702 3993 pag.
716 3947 755 3994 79.
771 3949 814 3984 eo·
883 3933 1011 3998 Africani]
1026 3929 1176 3982 Posterioris.
1191 3929 1269 3978 Gerr.

315 4003 373 4052 dem
393 4010 474 4058 anno,
502 4010 552 4056 quo
581 3996 700 4056 Carthago
728 3999 813 4050 diruta.
883 3999 921 4045 Ex
935 3995 1050 4060 Africm]
1067 3993 1218 4054 Carthagine.
1233 3992 1307 4037 ctat·
1401 4015 1402 4032 ι

315 4069 346 4116 Δ·
362 4064 388 4110 F·
883 4064 944 4108 Anii
959 4065 1018 4120 cujas
1037 4057 1143 4156 currum}
1170 4059 1242 4104 Vetus
1259 4051 1332 4100 libet.
1401 4051 1402 4054 ’

1145 4129 1193 4182 quo
1212 4107 1331 4172 ΗΜ

347 4121 455 4189 Quoque]
468 4122 532 4174 Cum
548 4121 662 4173 Achaeis.
676 4117 762 4175 Gilua
851 4125 897 4177 Gai
909 4135 962 4176 ante
979 4121 1130 4179 serrantia
1253 4171 1334 4241 mm
