2875 4650
274 273 382 370 nucu
501 261 539 348 t>
576 263 613 351 R
651 263 935 358 autur
972 262 989 347 l
1026 261 1079 355 Ο,

272 429 480 536 construi,
511 431 573 518 ita
605 455 757 540 quoque
793 457 938 517 novam
964 455 1100 518 eorum
1128 431 1312 523 notitiam

279 549 372 633 dure
404 573 534 658 cogar.
593 545 948 653 Primus‘itaque,
979 546 1043 630 uti
1066 571 1186 651 cum,
1213 565 1257 630 ut
1284 574 1311 634 a

273 663 413 750 ceteris
431 658 734 769 diustinguarur,
761 685 850 745 cum
868 659 1139 772 Havercampo
1156 663 1312 762 vocavi,

9 751 11 766 ’
131 821 134 828 -
274 771 322 860 'in
345 773 584 858 Membranic
610 773 765 878 scriptus
795 791 1019 882 quartanam
1047 771 1212 858 formam
1242 773 1312 858 lra-

276 887 457 974 bentibus
476 907 625 992 praeter
647 885 847 979 Hincmari
869 885 1058 996 Epistulae
1076 887 1310 993 Eutropium

188 1091 191 1100 ,
281 1027 421 1112 pururn
445 998 607 1085 exbibet.
667 997 784 1082 Hunc
811 998 866 1084 uti
887 1029 911 1084 a
936 1027 1084 1103 mauu,
1111 1001 1207 1088 itan
1228 1000 1315 1105 ve·-

280 1111 418 1196 tultate
447 1111 515 1195 sese
544 1108 816 1195 commendare
847 1114 919 1196 alia
950 1139 1086 1197 manus
1114 1109 1232 1195 adlita
1261 1139 1309 1196 ο,

281 1223 450 1326 llendit,
486 1222 629 1308 docens
659 1251 748 1307 cum
777 1225 975 1335 Franciscr'
1001 1226 1141 1332 Naristi
1166 1220 1309 1329 suble,

280 1359 394 1447 atque
414 1341 463 1419 ita
483 1335 658 1420 eumdem
670 1395 683 1437 ,
712 1359 823 1445 quem
846 1341 1020 1446 sequutus
1041 1335 1094 1423 est
1114 1338 1279 1426 Merula.

340 1449 526 1537 Secundus
547 1449 775 1533 Clrartuceus
797 1454 835 1536 iu
856 1449 899 1544 b.
916 1452 981 1556 qui
1001 1473 1149 1555 praeter
1166 1452 1309 1536 Eutro-

279 1564 385 1674 pium
405 1565 517 1646 etiam
544 1561 639 1645 Livii
664 1561 869 1647 Librorum
887 1587 983 1658 curu,
1006 1565 1108 1670 Epic.
1128 1563 1226 1650 Flor.
1253 1564 1303 1658 L,

280 1703 325 1762 v.
346 1675 443 1760 Petri
456 1671 620 1759 Candidi
651 1675 875 1769 Decembris
893 1674 944 1767 de
963 1677 1113 1789 origiue
1132 1675 1238 1777 Fidei
1258 1679 1307 1759 li·

277 1790 390 1874 brum
423 1785 466 1882 δι
495 1785 745 1894 ejusdem-de
773 1788 888 1874 Vitae
917 1793 1136 1899 ignorantia
1165 1789 1305 1874 Dialm

277 1929 399 2010 gum,
428 1903 616 2008 Pompon'.
628 1901 773 1984 Melum
794 1900 844 1984 de
860 1901 981 1987 Orbie
997 1903 1081 1987 Situ
1092 1962 1107 2006 ‚
1119 1901 1306 1991 Geuuen·

277 2011 325 2102 fis
341 2012 535 2120 crrjrrsdam
555 2013 604 2096 de
624 2012 783 2120 Liguria
801 2016 997 2121 provincia
1021 2015 1212 2117 libellum,
1230 2015 1304 2106 Fe·

278 2127 472 2211 nestellaur
497 2123 545 2208 de
565 2126 848 2236 Magil'tratibua
872 2127 987 2210 Rom.
1009 2125 1302 2214 PliniiSecundl

145 2303 147 2311 .
277 2242 444 2333 libellum
466 2235 515 2320 de
536 2238 637 2319 Viris
659 2237 769 2320 lllust.
792 2239 947 2326 Aemilii
966 2241 1079 2325 Probi
1094 2242 1302 2326 Clarorum

274 2357 553 2461 imperatorum
594 2350 733 2455 Vitae,
771 2351 824 2435 T.
854 2353 986 2463 Pomp.
1018 2353 1141 2458 Attici
1179 2356 1302 2440 uitam

275 2490 345 2577 per
371 2468 491 2546 Corn.
517 2466 728 2569 Nepotem,
759 2466 921 2548 Catonis
951 2465 1122 2550 Censorii
1155 2468 1301 2567 vitam,

274 2572 435 2663 Sallustii
465 2576 668 2659 Catilinam
697 2576 740 2664 lic
768 2578 942 2690 ,lugurtln
961 2575 1023 2670 r&
1058 2578 1215 2691 Vegetii
1246 2576 1301 2671 de

274 2690 337 2775 Re
375 2690 459 2773 llil.
507 2688 551 2773 L.
581 2712 618 2773 v.
673 2690 880 2789 continet,
927 2690 1156 2799 Eutropium
1212 2716 1301 2779 non

273 2828 437 2912 purum,
465 2798 525 2884 sed
559 2800 677 2882 Paulli
706 2802 874 2885 Diaconi
906 2800 1200 2905 additamentis,
1238 2806 1299 2887 uti

274 2916 316 2996 in
345 2912 532 3021 prioribus
562 2911 659 2994 Edd.
681 2910 867 3016 vidimus,
898 2916 1168 3026 interpolatum
1189 2914 1300 3001 exbi-

272 3026 362 3127 bet,
390 3021 622 3133 eodemque,
642 3048 721 3143 quo
735 3028 844 3125 illae,
865 3028 986 3115 modo
1005 3028 1122 3114 Paulli
1150 3028 1299 3131 libros,

273 3136 335 3223 sed
353 3138 413 3222 sex
436 3134 611 3221 adnedlit.
672 3140 734 3221 Uti
765 3160 890 3223 autem
919 3143 960 3223 in
982 3137 1060 3224 fine
1089 3139 1197 3225 Libri
1218 3142 1297 3229 Eu·

273 3250 388 3357 tropii
407 3272 452 3333 x.
474 3248 658 3335 scribitur:
686 3308 714 3351 „
743 3252 911 3359 Explicit
931 3252 1045 3337 Liber
1067 3276 1113 3338 x.
1138 3252 1213 3337 huc
1233 3280 1300 3339 ua·

272 3422 304 3471 „
330 3387 404 3471 que
423 3358 612 3445 historiam
634 3363 839 3470 Eutropius
858 3368 1081 3475 composuit,
1140 3367 1215 3453 Cui
1235 3385 1297 3451 ta,

273 3534 306 3579 ,‚
333 3500 421 3557 men
444 3474 567 3582 aliqua
588 3474 725 3558 Paulus
746 3479 944 3564 Diaconos
976 3476 1133 3564 addidit.
1192 3480 1298 3565 luci·

271 3588 330 3697 pit
357 3584 441 3670 Lib.
463 3608 525 3669 xr.
545 3587 570 3630 '’
604 3588 656 3671 ita
674 3586 725 3673 ad
753 3594 894 3678 calcem
922 3590 1019 3674 initii
1048 3594 1095 3679 L.
1119 3616 1154 3680 1.
1183 3591 1294 3703 quod
1428 3673 1429 3684 r

231 3758 236 3779 .
271 3726 296 3783 a
326 3696 435 3806 Jano
463 3696 538 3783 &u
576 3698 753 3809 orditur;
786 3702 887 3791 baec
924 3703 1107 3815 adscripta
1136 3708 1295 3798 inveni:

270 3812 322 3895 In
365 3810 465 3898 libro
500 3813 540 3895 iu
575 3814 803 3899 membranis
828 3818 978 3927 jdriplo
1017 3821 1112 3904 talis
1146 3813 1199 3926 cst
1233 3821 1297 3903 ira·

268 3920 429 4047 scriptio·
485 3979 515 4034 2,
544 3924 683 4051 Incipit
719 3927 873 4025 historia
906 3930 1087 4065 Romana
1112 3930 1294 4131 Eutchoepii

451 4068 455 4077 .
1121 4102 1154 4156 v
1245 4068 1296 4133 n,
