2875 4650
251 273 1002 373 :trahammolant

100 441 179 514 rins
198 430 432 533 praestarem,
455 453 530 506 non
551 429 685 506 Graeci
701 430 837 521 modo,
862 431 1055 510 sedetiam
1077 436 1179 513 Lai·

106 536 185 612 tini
206 551 340 621 tumr,
365 551 471 630 quam
497 531 637 625 optima
658 529 872 627 exemplaria
894 532 984 609 mdri
1001 557 1147 632 compa.

110 633 230 710 tanda
238 631 403 729 judicavi.
444 629 627 704 Graecam
652 651 739 724 ergo
760 628 993 725 metaphrasin
1011 633 1148 710 exstare

114 753 201 807 cnm
218 753 261 804 ex
274 730 412 824 Sigonii
428 728 582 825 primum
592 728 883 817 Commentariis,
907 729 988 824 post
1006 756 1051 806 er
1075 736 1146 808 Cn·

113 831 201 1004 ficii
219 823 827 915 Observatinnibnt'intellexillem,
852 829 1007 922 primum,
1017 853 1064 904 ex
1076 835 1147 906 lta·

134 932 142 944 '
180 927 268 1003 mihi
290 947 375 1002 eam
396 926 499 1024 petii.
551 924 692 999 Deinde
714 927 881 1020 quoniam
905 927 1066 1004 distracta
1093 931 1147 1006 si·

114 1028 211 1124 gonii
230 1026 455 1101 bibliotheca
479 1023 519 1099 id
549 1019 672 1098 frustra
701 1021 771 1098 ell'e
800 1024 1146 1121 animadvertebam,

110 1123 298 1202 solicitatis
324 1123 466 1199 Galliae
489 1119 746 1210 bibliothecis,
773 1121 916 1197 tandem
946 1124 1149 1223 eloeuple·

112 1223 249 1299 riffimit
265 1222 447 1298 Francisci
463 1219 602 1297 Pithnei
622 1217 755 1296 scriniie
776 1223 1021 1318 apographum
1038 1226 1150 1318 impe-

111 1322 211 1396 travi
236 1345 307 1417 ope
330 1320 481 1420 Joannis
506 1319 713 1415 Opsopoei,
736 1320 828 1416 qui,
852 1339 890 1393 nt
915 1320 952 1396 in
974 1321 1072 1422 aliie,
1097 1325 1149 1400 ita

115 1423 226 1495 etiam
245 1422 282 1496 in
303 1421 374 1494 hoc
393 1417 537 1494 anhlote
558 1415 786 1496 fidellllrmam
810 1419 898 1492 mihi
922 1441 1069 1514 operam
1086 1443 1148 1496 na·

114 1519 227 1594 navit.
267 1519 437 1594 Latinum
461 1538 549 1592 vero
570 1515 774 1611 exemplar,
795 1517 977 1614 antiquum
992 1517 1074 1596 sane
1092 1536 1149 1594 at·

114 1641 182 1713 que
198 1620 360 1713 optimae
382 1633 513 1700 notae,
538 1612 709 1687 Fulderrse
732 1613 922 1711 collegium
943 1618 1047 1692 nobis
1068 1620 1147 1715 sup·

114 1717 324 1810 peditavit‚
356 1711 582 1788 intercell'ore
614 1711 814 1788 Baltbalaro
836 1713 1033 1811 Vigando,
1066 1717 1147 1792 viro

116 1816 214 1986 hl·
240 1807 701 1986 'lhll‘lllllhth
722 1811 1145 1988 hlllllhlhl

117 2011 174 2083 tio
197 1935 279 2102 'ipia
304 2008 462 2099 docebit,
490 2029 565 2082 turn
586 2007 711 2080 Notae
732 1933 890 2096 ndstrae,
914 1965 997 2082 1320
1020 2012 1145 2086 volen-

114 2127 176 2196 te,
201 2106 369 2204 prolixior
399 2105 635 2180 declarabunt.
691 2103 777 2179 Hoc
806 2105 888 2179 sane
916 2127 1038 2181 verum
1062 2109 1144 2202 est,

113 2207 332 2282 immortales
351 2207 385 2279 ei
403 2203 580 2280 beneficio
600 2205 645 2278 ab
671 2203 835 2278 omnibus
853 2203 975 2280 deberi
999 2209 1142 2305 gratiae.

113 2308 164 2380 At
190 2305 298 2405 longe
321 2303 399 2400 plue
423 2303 570 2378 Pithoeo
591 2299 760 2390 debetur,
784 2301 844 2401 qui
867 2320 939 2379 tam
960 2306 1029 2380 rari
1053 2309 1142 2385 cari·

115 2426 183 2500 qne
204 2401 361 2477 thesauri
385 2400 480 2475 ulum
499 2401 642 2498 publice
661 2400 821 2475 omnium
846 2400 976 2498 ubique
997 2406 1143 2483 utilitati

113 2524 176 2599 per
194 2525 259 2575 nor
276 2520 400 2597 patere
416 2503 539 2575 voluit.
591 2500 649 2572 Ac
671 2498 839 2594 cupillenn
856 2502 1020 2597 quidem,
1042 2505 1142 2602 plura

113 2601 201 2674 mihi
225 2598 368 2674 aliunde
393 2596 654 2695 metaphraseos
676 2595 772 2673 istius
795 2620 999 2694 comparare
1019 2623 1141 2678 exem·

112 2700 237 2794 plania.
287 2698 358 2771 Sed
382 2697 463 2795 quia
484 2720 559 2771 eam
579 2718 715 2771 moram
734 2695 870 2792 aliquot
885 2718 1058 2772 annornm
1082 2698 1137 2773 fo·

113 2818 157 2875 re
176 2795 425 2892 providebam,
447 2796 501 2870 bis
516 2793 675 2871 daturum
694 2814 752 2869 me
765 2794 874 2886 duni,
896 2790 920 2869 li
942 2794 1064 2872 darem
1090 2798 1141 2879 ci·

114 2916 179 2983 to,
203 2892 403 2989 praesertim
419 2917 500 2969 cnm
518 2895 689 2967 incertum
705 2890 812 2984 effer,
837 2916 881 2967 an
901 2895 1064 2975 melioret
1084 2896 1138 2973 in·

111 3014 286 3068 venturus
309 2989 410 3067 ellem
435 2990 590 3067 codices.
638 2992 679 3065 ld
699 3014 789 3065 vero
810 2994 849 3065 in
868 2992 989 3088 primis
1005 2993 1056 3069 est
1075 2997 1139 3071 do·

109 3090 277 3180 lendum,
301 3094 480 3186 exemplar
504 3090 601 3180 hoc,
631 3089 725 3187 quod
753 3088 894 3165 unicum
915 3090 967 3167 est
991 3115 1138 3173 concer-

109 3188 204 3281 snm,
232 3193 342 3265 etiam
359 3188 521 3265 mutilum
538 3187 662 3279 suiffe,
689 3190 726 3261 in
743 3188 861 3263 medio
880 3191 1051 3285 primum,
1075 3192 1139 3267 de·

109 3289 193 3365 inde
208 3286 289 3389 poll
307 3309 453 3385 parvam
471 3289 564 3362 illam
577 3289 797 3401 latrinulam,
812 3310 901 3384 qnae
915 3286 1136 3404 estlibvli

109 3384 1137 3597 ill?lt}“attractirpl‘tlsllllzz‚¹13

106 3584 358 3685 metaphrasten
391 3581 458 3659 iste
486 3585 609 3657 eadem
635 3584 768 3677 ubique
788 3582 976 3681 diligentia
1001 3581 1040 3659 dt
1065 3585 1137 3663 fide

107 3681 341 3779 metaphrasin
367 3678 604 3777 pertexuillet.
656 3684 724 3757 Sed
746 3698 784 3755 ut
814 3682 844 3755 is
862 3682 1137 3779 aliqnammnltia

108 3778 146 3857 in
160 3784 245 3859 locis
258 3782 400 3857 addidit
408 3804 526 3876 ,quae
539 3780 701 3875 Eutropii
718 3779 835 3854 verbis
851 3779 965 3855 lucem
975 3780 1137 3877 acsplerr
1264 3803 1269 3820 ‘
1343 3758 1350 3771 ’

106 3880 227 3954 dorem
244 3878 423 3955 afferunt:
448 3879 501 3951 ita
516 3878 799 3990 saepe-inseruit,
822 3900 912 3975 qnae
932 3880 1038 3975 plane
1055 3879 1137 3957 sunt

98 3980 279 4084 diripera,
303 4000 377 4061 nnn
398 3998 569 4075 nonquam
584 3998 693 4061 ettam
709 3974 876 4055 historiae
888 3998 1008 4077 purten
1031 3982 1136 4077 plane
1277 3988 1281 3996 ’

671 4076 743 4174 *ε
1056 4098 1138 4179 ner·
