2875 4650
339 245 907 384 ruror'urro.
1077 323 1158 400 xri

117 493 254 579 pora,
283 466 444 557 uersatur
473 463 616 562 Poura,
653 457 756 546 unde
780 479 857 546 tarn
889 462 967 548 cito
998 461 1048 550 ad
1083 467 1158 564 Ca.

119 583 223 676 milli
276 598 449 685 tempora
477 576 667 677 transeat„
704 601 785 657 non
818 571 938 660 video.
1021 579 1156 685 Quum

123 691 408 798 subdurum,
449 689 497 783 ad
539 715 652 797 quam
690 689 833 796 respicit
872 703 1016 796 poeto,
1059 721 1156 778 con.

126 803 308 908 solamur,
338 804 472 896 omnia
489 801 576 900 sana
598 799 677 882 sror.
718 800 892 896 Lucumo
922 806 1025 888 euiru
1048 806 1156 891 Tus·
1236 882 1240 890 .

127 944 259 1016 curum
301 917 457 1028 Lingua
488 940 617 1026 regem
657 907 871 1026 fignificat,
919 941 964 1001 ac
1009 914 1163 1011 duodo.

122 1029 195 1112 cim
216 1027 541 1127 Lucumonibu8‚
580 1023 643 1134 qui
666 1025 827 1110 totidem
847 1025 1007 1126 Tusciae
1034 1026 1169 1140 popu.

117 1144 163 1230 lis
193 1142 475 1246 imperabant,
515 1163 615 1222 unus
652 1150 855 1242 praeerat,
897 1147 1054 1226 Aeneae
1079 1153 1156 1249 jam

121 1253 370 1360 temporibus
394 1273 484 1336 anre
513 1251 678 1335 Romam
705 1247 929 1354 conditam,
967 1253 1064 1337 Lars
1089 1257 1157 1342 ad·

122 1368 312 1472 pellatur,
330 1369 354 1474 (
363 1363 439 1448 vid.
461 1365 512 1445 V.
531 1364 584 1446 D.
604 1361 652 1447 ad
673 1364 759 1448 Liv.
786 1361 832 1446 L.
848 1389 881 1448 1.
912 1389 945 1448 c.
957 1391 1021 1472 34.
1049 1371 1157 1466 serv.

121 1476 172 1572 ad
198 1477 369 1574 Aeneid
406 1477 516 1588 Virg.
540 1499 585 1573 rr.
616 1484 706 1580 278.
747 1473 792 1565 L.
815 1501 903 1574 vrrr.
940 1479 989 1564 vs.
1017 1485 1083 1584 65.
1112 1479 1157 1578 or

122 1590 258 1700 42⁷5.)
288 1591 377 1704 Jam
399 1614 491 1678 vero
507 1587 693 1671 Romulus
712 1606 844 1687 contra
859 1588 1018 1682 Tatium
1041 1593 1153 1679 dimi.

125 1705 220 1786 dans
240 1700 567 1788 'aLucumonibus
586 1701 723 1785 auxilia
743 1701 926 1808 petierat,
945 1702 1047 1786 uode
1072 1709 1156 1814 qui.

127 1814 221 1920 dum
235 1815 412 1898 Lucumo
434 1842 520 1898 cum
547 1813 711 1906 exercitu
732 1816 856 1916 veuit,
885 1814 937 1910 illi
957 1844 1071 1923 opem
1099 1821 1155 1916 la.

132 1949 270 2032 tutuo,
299 1927 387 2027 cui,
409 1926 527 2010 Tatio
549 1923 633 2030 post
659 1921 795 2008 foedus
815 1927 855 2009 in
879 1926 1008 2023 urbem
1029 1957 1157 2040 recep·

134 2059 199 2142 ro,
231 2039 347 2121 eriam
378 2037 475 2138 urbis
503 2057 647 2144 partem
677 2037 784 2119 dedit
811 2038 1034 2144 Romulus,
1061 2069 1156 2150 quae

131 2152 243 2254 picus
268 2151 310 2234 T
304 2149 409 2258 uscos
421 2149 617 2256 adpellata.
673 2153 805 2254 Quum
826 2152 941 2262 igitur
961 2150 1180 2252 Lucumo'

130 2263 193 2369 pis
221 2289 266 2365 ac
289 2263 401 2346 Tatii
427 2261 647 2365 meminisset
675 2263 914 2371 Propertius,
944 2265 1155 2365 Romulum

130 2376 200 2477 iis,
219 2401 304 2471 ooo
315 2376 519 2475 Camillum
543 2372 723 2477 adderet,
746 2375 887 2475 oeceffe
903 2399 1153 2489 erar‚quem·

130 2485 347 2581 admodum
372 2492 473 2588 Hinc
495 2490 638 2595 Tities,
669 2492 903 2603 [iumoesqu'r
921 2496 1052 2594 uitus,
1075 2496 1157 2581 Lar

130 2625 307 2711 purusque
324 2599 464 2686 colonos
479 2602 611 2713 jungit.
643 2602 704 2684 Uti
722 2604 824 2685 enirn
840 2604 961 2701 Tities
978 2604 1019 2685 &
1033 2607 1155 2691 Ram-

133 2736 200 2805 nes
218 2708 294 2795 five
307 2711 490 2823 Titienses
513 2710 799 2822 &Ranrnenses
819 2741 841 2797 a
866 2714 956 2797 Tito
975 2718 1092 2813 Tatio
1113 2718 1157 2815 dr

137 2824 301 2909 Romulo
320 2822 628 2927 didoseoostar,
655 2824 702 2911 src
723 2828 924 2909 Luceresa
944 2828 1156 2923 Lucumone

137 2912 353 3045 ¹adpeliutos
369 2937 519 3053 eJunio
539 2926 652 3021 tradit
662 2940 787 3020 Varro
801 2934 852 3059 de
862 2936 906 3022 L.
927 2937 1039 3027 L.rv.
1053 2968 1091 3049 p.
1104 2970 1158 3045 m.

138 3073 203 3157 14
226 3044 301 3134 vid.
321 3052 428 3136 Serv.
448 3046 496 3147 ad
511 3048 608 3133 Aen.
625 3074 663 3131 v.
688 3050 736 3145 us
753 3052 843 3157 560.
871 3049 948 3133 Sed
967 3053 1040 3160 ipse
1056 3052 1158 3155 huno

134 3162 265 3271 locum
285 3180 411 3253 tuetur
424 3159 638 3269 Propertius
648 3162 704 3263 El.
718 3187 760 3247 u.
781 3160 1009 3270 ejusdeml.
1028 3164 1075 3249 vi
1085 3192 1154 3275 49,

190 3328 244 3413 Et
270 3344 336 3427 tu,
355 3326 509 3433 Roma,
533 3330 625 3415 meis
640 3326 798 3415 tribuisti
817 3332 983 3437 praemia
999 3330 1157 3438 Tuscis,

249 3438 365 3524 Unde
385 3438 499 3525 hodie
519 3444 622 3526 vicus
638 3443 797 3527 nomina
813 3442 959 3528 Tuscus
979 3442 1099 3527 haber

193 3552 398 3661 Tempore
414 3580 492 3661 quo
511 3554 615 3639 sociis
633 3556 738 3639 venit
754 3558 996 3650 Lucomediur
1012 3558 1156 3664 armis,
1226 3590 1231 3601 ·

249 3666 383 3776 Atque
399 3664 542 3752 Sabino
563 3664 631 3753 feri
655 3666 831 3753 contudit
850 3695 954 3782 arma
972 3668 1080 3754 Tati.

139 3820 224 3921 ubi*
238 3820 373 3907 iterum
393 3840 468 3903 tres
491 3818 605 3926 iidem
630 3818 857 3907 obcurruor:
880 3846 969 3905 nam
982 3792 1157 3908 lucror..

141 3930 273 4045 dium,
297 3931 372 4026 five
393 3938 683 4034 Lucumonrum,
705 3950 748 4017 ut
768 3935 803 4050 J.
823 3932 1022 4048 Goropiur
1039 3934 1158 4048 legit²

609 4050 659 4173 Π
689 4053 710 4159 r
742 4069 763 4160 ς
1051 4070 1157 4143 euuae
