<?xml version="1.0" encoding="UTF-8"?>
<!DOCTYPE html PUBLIC "-//W3C//DTD XHTML 1.0 Transitional//EN"
    "http://www.w3.org/TR/xhtml1/DTD/xhtml1-transitional.dtd">
<html xmlns="http://www.w3.org/1999/xhtml" xml:lang="en" lang="en">
 <head>
  <title>
</title>
<meta http-equiv="Content-Type" content="text/html;charset=utf-8" />
  <meta name='ocr-system' content='tesseract 3.04.00' />
  <meta name='ocr-capabilities' content='ocr_page ocr_carea ocr_par ocr_line ocrx_word'/>
</head>
<body>
  <div class='ocr_page' id='page_1' title='image "./eutropiibreviar01verhgoog/eutropiibreviar01verhgoog_0069.png"; bbox 0 0 2875 4650; ppageno 0'>
   <div class='ocr_carea' id='block_1_1' title="bbox 482 283 1109 388">
    <p class='ocr_par' dir='ltr' id='par_1_1' title="bbox 482 283 1109 388">
     <span class='ocr_line' id='line_1_1' title="bbox 482 283 1109 388; baseline -0.002 -21"><span class='ocrx_word' id='word_1_1' title='bbox 482 283 1109 388; x_wconf 76' lang='lat' dir='ltr'>uuu1cuu1optus</span> 
     </span>
    </p>
   </div>
   <div class='ocr_carea' id='block_1_2' title="bbox 279 439 1313 937">
    <p class='ocr_par' dir='ltr' id='par_1_2' title="bbox 279 439 1313 937">
     <span class='ocr_line' id='line_1_2' title="bbox 279 439 1313 547; baseline -0.004 -25"><span class='ocrx_word' id='word_1_2' title='bbox 279 441 392 547; x_wconf 80' lang='lat' dir='ltr'>bere)</span> <span class='ocrx_word' id='word_1_3' title='bbox 416 459 492 517; x_wconf 84' lang='lat' dir='ltr'>tum</span> <span class='ocrx_word' id='word_1_4' title='bbox 511 442 606 540; x_wconf 88' lang='lat' dir='ltr'>quod</span> <span class='ocrx_word' id='word_1_5' title='bbox 632 443 728 518; x_wconf 89' lang='lat' dir='ltr'>belle</span> <span class='ocrx_word' id='word_1_6' title='bbox 745 441 788 518; x_wconf 86' lang='lat' dir='ltr'>su</span> <span class='ocrx_word' id='word_1_7' title='bbox 801 439 983 537; x_wconf 86' lang='lat' dir='ltr'>sequutus,</span> <span class='ocrx_word' id='word_1_8' title='bbox 1008 444 1147 538; x_wconf 86' lang='lat' dir='ltr'>quaein</span> <span class='ocrx_word' id='word_1_9' title='bbox 1161 463 1207 517; x_wconf 88' lang='lat' dir='ltr'>eu</span> <span class='ocrx_word' id='word_1_10' title='bbox 1220 444 1313 518; x_wconf 81' lang='lat' dir='ltr'>urbe</span> 
     </span>
     <span class='ocr_line' id='line_1_3' title="bbox 281 539 1310 640; baseline -0.006 -17"><span class='ocrx_word' id='word_1_11' title='bbox 281 549 361 623; x_wconf 81' lang='lat' dir='ltr'>suut</span> <span class='ocrx_word' id='word_1_12' title='bbox 386 541 501 640; x_wconf 85' lang='lat' dir='ltr'>gesta:</span> <span class='ocrx_word' id='word_1_13' title='bbox 527 540 732 640; x_wconf 85' lang='lat' dir='ltr'>posttem0,</span> <span class='ocrx_word' id='word_1_14' title='bbox 764 539 858 638; x_wconf 89' lang='lat' dir='ltr'>quod</span> <span class='ocrx_word' id='word_1_15' title='bbox 879 539 924 612; x_wconf 91' lang='lat' dir='ltr'>ad</span> <span class='ocrx_word' id='word_1_16' title='bbox 945 563 1027 614; x_wconf 91' lang='lat' dir='ltr'>eum</span> <span class='ocrx_word' id='word_1_17' title='bbox 1052 540 1215 637; x_wconf 71' lang='lat' dir='ltr'>scripsit,</span> <span class='ocrx_word' id='word_1_18' title='bbox 1245 541 1310 639; x_wconf 81' lang='lat' dir='ltr'>qui</span> 
     </span>
     <span class='ocr_line' id='line_1_4' title="bbox 282 637 1309 741; baseline -0.002 -24"><span class='ocrx_word' id='word_1_19' title='bbox 282 643 377 741; x_wconf 72' lang='lat' dir='ltr'>apud</span> <span class='ocrx_word' id='word_1_20' title='bbox 393 637 754 738; x_wconf 85' lang='lat' dir='ltr'>Constantinopolim,</span> <span class='ocrx_word' id='word_1_21' title='bbox 780 659 917 738; x_wconf 80' lang='lat' dir='ltr'>partem</span> <span class='ocrx_word' id='word_1_22' title='bbox 933 639 1075 730; x_wconf 79' lang='lat' dir='ltr'>Imperii</span> <span class='ocrx_word' id='word_1_23' title='bbox 1088 641 1243 714; x_wconf 84' lang='lat' dir='ltr'>Romani</span> <span class='ocrx_word' id='word_1_24' title='bbox 1255 641 1309 714; x_wconf 86' lang='lat'>0·</span> 
     </span>
     <span class='ocr_line' id='line_1_5' title="bbox 280 735 1310 836; baseline -0.006 -19"><span class='ocrx_word' id='word_1_25' title='bbox 280 741 468 818; x_wconf 84' lang='lat' dir='ltr'>rieutalem</span> <span class='ocrx_word' id='word_1_26' title='bbox 492 735 768 814; x_wconf 85' lang='lat' dir='ltr'>administrabat.</span> <span class='ocrx_word' id='word_1_27' title='bbox 821 737 940 814; x_wconf 77' lang='lat' dir='ltr'>Vate:</span> <span class='ocrx_word' id='word_1_28' title='bbox 973 737 1216 836; x_wconf 84' lang='lat' dir='ltr'>Burdegalae,</span> <span class='ocrx_word' id='word_1_29' title='bbox 1245 759 1310 812; x_wconf 85' lang='lat' dir='ltr'>xv.</span> 
     </span>
     <span class='ocr_line' id='line_1_6' title="bbox 283 835 669 937; baseline -0.013 -21"><span class='ocrx_word' id='word_1_30' title='bbox 283 841 359 916; x_wconf 81' lang='lat' dir='ltr'>cal.</span> <span class='ocrx_word' id='word_1_31' title='bbox 376 835 508 937; x_wconf 81' lang='lat' dir='ltr'>Juuiaa.</span> <span class='ocrx_word' id='word_1_32' title='bbox 534 857 669 914; x_wconf 74' lang='lat' dir='ltr'>ututur.</span> 
     </span>
    </p>
   </div>
   <div class='ocr_carea' id='block_1_3' title="bbox 187 973 1319 1340">
    <p class='ocr_par' dir='ltr' id='par_1_3' title="bbox 187 973 1319 1340">
     <span class='ocr_line' id='line_1_7' title="bbox 187 973 1243 1138; baseline 0.009 -14"><span class='ocrx_word' id='word_1_33' title='bbox 187 1115 190 1124; x_wconf 86' lang='grc'><em>,</em></span> <span class='ocrx_word' id='word_1_34' title='bbox 356 973 1243 1138; x_wconf 74' lang='lat' dir='ltr'>uutusvtuurus</span> 
     </span>
     <span class='ocr_line' id='line_1_8' title="bbox 289 1231 1319 1340; baseline -0.004 -2"><span class='ocrx_word' id='word_1_35' title='bbox 289 1233 763 1338; x_wconf 79' lang='lat' dir='ltr'>outuruuuto</span> <span class='ocrx_word' id='word_1_36' title='bbox 808 1231 1319 1340; x_wconf 74' lang='lat' dir='ltr'>Guuuuuruu</span> 
     </span>
    </p>
   </div>
   <div class='ocr_carea' id='block_1_4' title="bbox 707 1451 897 1528">
    <p class='ocr_par' dir='ltr' id='par_1_4' title="bbox 707 1451 897 1528">
     <span class='ocr_line' id='line_1_9' title="bbox 707 1451 897 1528; baseline -0.005 -2"><span class='ocrx_word' id='word_1_37' title='bbox 707 1451 745 1526; x_wconf 81' lang='lat' dir='ltr'>S.</span> <span class='ocrx_word' id='word_1_38' title='bbox 776 1452 814 1525; x_wconf 92' lang='grc' dir='ltr'>Ρ.</span> <span class='ocrx_word' id='word_1_39' title='bbox 848 1451 897 1528; x_wconf 88' lang='lat' dir='ltr'>D.</span> 
     </span>
    </p>
   </div>
   <div class='ocr_carea' id='block_1_5' title="bbox 287 1629 1318 1834">
    <p class='ocr_par' dir='ltr' id='par_1_5' title="bbox 287 1629 1318 1834">
     <span class='ocr_line' id='line_1_10' title="bbox 287 1629 1318 1834; baseline 0.002 -128"><span class='ocrx_word' id='word_1_40' title='bbox 287 1631 559 1834; x_wconf 80' lang='lat' dir='ltr'><strong>Eutropium</strong></span> <span class='ocrx_word' id='word_1_41' title='bbox 605 1629 763 1708; x_wconf 85' lang='lat' dir='ltr'>nostrum</span> <span class='ocrx_word' id='word_1_42' title='bbox 802 1634 1060 1730; x_wconf 78' lang='lat' dir='ltr'>quamprimum</span> <span class='ocrx_word' id='word_1_43' title='bbox 1104 1635 1318 1730; x_wconf 77' lang='lat' dir='ltr'>acceperit.¹</span> 
     </span>
    </p>
   </div>
   <div class='ocr_carea' id='block_1_6' title="bbox 288 1730 1436 3321">
    <p class='ocr_par' dir='ltr' id='par_1_6' title="bbox 288 1730 1320 2418">
     <span class='ocr_line' id='line_1_11' title="bbox 398 1730 1316 1830; baseline 0.003 -26"><span class='ocrx_word' id='word_1_44' title='bbox 398 1730 573 1830; x_wconf 77' lang='lat' dir='ltr'>(promisit</span> <span class='ocrx_word' id='word_1_45' title='bbox 589 1731 841 1824; x_wconf 82' lang='lat' dir='ltr'>Enguilbettuu</span> <span class='ocrx_word' id='word_1_46' title='bbox 862 1733 1058 1808; x_wconf 80' lang='lat' dir='ltr'>Maruefiut</span> <span class='ocrx_word' id='word_1_47' title='bbox 1077 1731 1227 1807; x_wconf 66' lang='lat' dir='ltr'>Pictauis</span> <span class='ocrx_word' id='word_1_48' title='bbox 1242 1735 1316 1807; x_wconf 87' lang='lat' dir='ltr'>Lu·</span> 
     </span>
     <span class='ocr_line' id='line_1_12' title="bbox 289 1826 1319 1928; baseline 0 -22"><span class='ocrx_word' id='word_1_49' title='bbox 289 1837 417 1907; x_wconf 87' lang='lat' dir='ltr'>tetiam</span> <span class='ocrx_word' id='word_1_50' title='bbox 438 1830 502 1905; x_wconf 87' lang='lat' dir='ltr'>tibi</span> <span class='ocrx_word' id='word_1_51' title='bbox 525 1826 730 1926; x_wconf 81' lang='lat' dir='ltr'>miffurum)</span> <span class='ocrx_word' id='word_1_52' title='bbox 756 1831 914 1905; x_wconf 84' lang='lat' dir='ltr'>Nicolao</span> <span class='ocrx_word' id='word_1_53' title='bbox 935 1831 1117 1906; x_wconf 87' lang='lat' dir='ltr'>Grouchiu</span> <span class='ocrx_word' id='word_1_54' title='bbox 1137 1829 1319 1928; x_wconf 81' lang='lat' dir='ltr'>perferen·</span> 
     </span>
     <span class='ocr_line' id='line_1_13' title="bbox 290 1923 1320 2022; baseline -0.003 -18"><span class='ocrx_word' id='word_1_55' title='bbox 290 1929 377 2004; x_wconf 86' lang='lat' dir='ltr'>dum</span> <span class='ocrx_word' id='word_1_56' title='bbox 397 1951 498 2004; x_wconf 84' lang='lat' dir='ltr'>cures</span> <span class='ocrx_word' id='word_1_57' title='bbox 517 1928 637 2002; x_wconf 87' lang='lat' dir='ltr'>velim.</span> <span class='ocrx_word' id='word_1_58' title='bbox 686 1929 778 2000; x_wconf 89' lang='lat' dir='ltr'>Eum</span> <span class='ocrx_word' id='word_1_59' title='bbox 796 1933 916 2016; x_wconf 87' lang='lat' dir='ltr'>enim,</span> <span class='ocrx_word' id='word_1_60' title='bbox 938 1924 979 2004; x_wconf 76' lang='grc' dir='ltr'>ἀ</span> <span class='ocrx_word' id='word_1_61' title='bbox 998 1929 1167 2022; x_wconf 80' lang='lat' dir='ltr'>Florum,</span> <span class='ocrx_word' id='word_1_62' title='bbox 1189 1923 1229 2003; x_wconf 69' lang='grc' dir='ltr'><strong>ἃ</strong></span> <span class='ocrx_word' id='word_1_63' title='bbox 1250 1931 1320 2003; x_wconf 86' lang='lat' dir='ltr'>So·</span> 
     </span>
     <span class='ocr_line' id='line_1_14' title="bbox 289 2025 1318 2124; baseline -0.002 -21"><span class='ocrx_word' id='word_1_64' title='bbox 289 2029 401 2104; x_wconf 86' lang='lat' dir='ltr'>linum</span> <span class='ocrx_word' id='word_1_65' title='bbox 415 2029 489 2124; x_wconf 82' lang='lat' dir='ltr'>jam</span> <span class='ocrx_word' id='word_1_66' title='bbox 510 2025 568 2099; x_wconf 86' lang='lat' dir='ltr'>diu</span> <span class='ocrx_word' id='word_1_67' title='bbox 591 2025 783 2100; x_wconf 74' lang='lat' dir='ltr'>avidissime</span> <span class='ocrx_word' id='word_1_68' title='bbox 800 2025 981 2124; x_wconf 66' lang='lat' dir='ltr'>expectat:</span> <span class='ocrx_word' id='word_1_69' title='bbox 1005 2026 1099 2122; x_wconf 92' lang='lat' dir='ltr'>quud</span> <span class='ocrx_word' id='word_1_70' title='bbox 1113 2049 1220 2124; x_wconf 87' lang='lat' dir='ltr'>quum</span> <span class='ocrx_word' id='word_1_71' title='bbox 1243 2050 1318 2123; x_wconf 84' lang='lat' dir='ltr'>ego</span> 
     </span>
     <span class='ocr_line' id='line_1_15' title="bbox 289 2123 1318 2220; baseline -0.004 -16"><span class='ocrx_word' id='word_1_72' title='bbox 289 2125 512 2220; x_wconf 78' lang='lat' dir='ltr'>Burdegaiae</span> <span class='ocrx_word' id='word_1_73' title='bbox 529 2146 622 2198; x_wconf 87' lang='lat' dir='ltr'>auno</span> <span class='ocrx_word' id='word_1_74' title='bbox 640 2147 660 2196; x_wconf 87' lang='lat' dir='ltr'>a</span> <span class='ocrx_word' id='word_1_75' title='bbox 677 2123 812 2199; x_wconf 88' lang='lat' dir='ltr'>Christo</span> <span class='ocrx_word' id='word_1_76' title='bbox 833 2143 919 2198; x_wconf 87' lang='lat' dir='ltr'>natu</span> <span class='ocrx_word' id='word_1_77' title='bbox 942 2147 1107 2199; x_wconf 80' lang='lat' dir='ltr'>truxuntr</span> <span class='ocrx_word' id='word_1_78' title='bbox 1125 2126 1318 2200; x_wconf 84' lang='lat' dir='ltr'>emendare</span> 
     </span>
     <span class='ocr_line' id='line_1_16' title="bbox 288 2219 1320 2418; baseline -0.002 -19"><span class='ocrx_word' id='word_1_79' title='bbox 288 2219 1320 2418; x_wconf 44' lang='lat' dir='ltr'>tttttfftutt?“¹{¹ttttft‘tttessttt‘tttt</span> 
     </span>
    </p>

    <p class='ocr_par' dir='ltr' id='par_1_7' title="bbox 291 2373 1436 3321">
     <span class='ocr_line' id='line_1_17' title="bbox 585 2373 1288 2413; baseline 0.009 -6"><span class='ocrx_word' id='word_1_80' title='bbox 585 2373 596 2407; x_wconf 71' lang='grc'><strong>9</strong></span> <span class='ocrx_word' id='word_1_81' title='bbox 1078 2376 1093 2413; x_wconf 75' lang='lat'><em>5</em></span> <span class='ocrx_word' id='word_1_82' title='bbox 1284 2376 1288 2381; x_wconf 86' lang='grc'><em>’</em></span> 
     </span>
     <span class='ocr_line' id='line_1_18' title="bbox 291 2419 1319 2517; baseline 0.004 -24"><span class='ocrx_word' id='word_1_83' title='bbox 291 2420 509 2517; x_wconf 87' lang='lat' dir='ltr'>probaverit.</span> <span class='ocrx_word' id='word_1_84' title='bbox 559 2419 618 2491; x_wconf 89' lang='lat' dir='ltr'>De</span> <span class='ocrx_word' id='word_1_85' title='bbox 634 2420 703 2493; x_wconf 83' lang='lat' dir='ltr'>illis</span> <span class='ocrx_word' id='word_1_86' title='bbox 718 2437 835 2495; x_wconf 87' lang='lat' dir='ltr'>autem</span> <span class='ocrx_word' id='word_1_87' title='bbox 855 2422 931 2495; x_wconf 81' lang='lat' dir='ltr'>aliis</span> <span class='ocrx_word' id='word_1_88' title='bbox 947 2420 1067 2515; x_wconf 86' lang='lat' dir='ltr'>postea</span> <span class='ocrx_word' id='word_1_89' title='bbox 1085 2442 1167 2495; x_wconf 83' lang='lat' dir='ltr'>cum</span> <span class='ocrx_word' id='word_1_90' title='bbox 1186 2421 1319 2497; x_wconf 83' lang='lat' dir='ltr'>eodem</span> 
     </span>
     <span class='ocr_line' id='line_1_19' title="bbox 295 2514 1323 2617; baseline -0.001 -22"><span class='ocrx_word' id='word_1_91' title='bbox 295 2514 477 2595; x_wconf 79' lang='lat' dir='ltr'>Maruefiu</span> <span class='ocrx_word' id='word_1_92' title='bbox 498 2536 621 2614; x_wconf 84' lang='lat' dir='ltr'>agam,</span> <span class='ocrx_word' id='word_1_93' title='bbox 643 2518 789 2591; x_wconf 87' lang='lat' dir='ltr'>homine</span> <span class='ocrx_word' id='word_1_94' title='bbox 813 2540 980 2615; x_wconf 80' lang='lat' dir='ltr'>perquam</span> <span class='ocrx_word' id='word_1_95' title='bbox 1001 2522 1134 2617; x_wconf 86' lang='lat' dir='ltr'>probo,</span> <span class='ocrx_word' id='word_1_96' title='bbox 1159 2519 1323 2617; x_wconf 85' lang='lat' dir='ltr'>mihique</span> 
     </span>
     <span class='ocr_line' id='line_1_20' title="bbox 294 2613 1320 2712; baseline 0 -21"><span class='ocrx_word' id='word_1_97' title='bbox 294 2614 512 2692; x_wconf 83' lang='lat' dir='ltr'>amiciffimo.</span> <span class='ocrx_word' id='word_1_98' title='bbox 551 2613 640 2689; x_wconf 77' lang='lat' dir='ltr'>Mea</span> <span class='ocrx_word' id='word_1_99' title='bbox 665 2638 818 2712; x_wconf 84' lang='lat' dir='ltr'>namque</span> <span class='ocrx_word' id='word_1_100' title='bbox 833 2617 869 2689; x_wconf 91' lang='lat' dir='ltr'>iu</span> <span class='ocrx_word' id='word_1_101' title='bbox 884 2614 1149 2691; x_wconf 87' lang='lat' dir='ltr'>Sacruboscium</span> <span class='ocrx_word' id='word_1_102' title='bbox 1167 2617 1320 2710; x_wconf 78' lang='lat' dir='ltr'>scholia,</span> 
     </span>
     <span class='ocr_line' id='line_1_21' title="bbox 295 2713 1320 2812; baseline -0.002 -21"><span class='ocrx_word' id='word_1_103' title='bbox 295 2734 370 2791; x_wconf 82' lang='lat' dir='ltr'>tam</span> <span class='ocrx_word' id='word_1_104' title='bbox 385 2713 493 2789; x_wconf 87' lang='lat' dir='ltr'>foede</span> <span class='ocrx_word' id='word_1_105' title='bbox 509 2713 771 2804; x_wconf 85' lang='lat' dir='ltr'>contaminata,</span> <span class='ocrx_word' id='word_1_106' title='bbox 785 2716 918 2809; x_wconf 75' lang='lat' dir='ltr'>illisque</span> <span class='ocrx_word' id='word_1_107' title='bbox 932 2714 1082 2790; x_wconf 84' lang='lat' dir='ltr'>immista</span> <span class='ocrx_word' id='word_1_108' title='bbox 1096 2718 1202 2812; x_wconf 82' lang='lat' dir='ltr'>louge</span> <span class='ocrx_word' id='word_1_109' title='bbox 1218 2716 1320 2812; x_wconf 88' lang='lat' dir='ltr'>iuep·</span> 
     </span>
     <span class='ocr_line' id='line_1_22' title="bbox 296 2812 1325 2910; baseline 0 -21"><span class='ocrx_word' id='word_1_110' title='bbox 296 2814 442 2901; x_wconf 86' lang='lat' dir='ltr'>tiffima,</span> <span class='ocrx_word' id='word_1_111' title='bbox 466 2812 633 2885; x_wconf 85' lang='lat' dir='ltr'>Lutetiae</span> <span class='ocrx_word' id='word_1_112' title='bbox 657 2834 739 2885; x_wconf 90' lang='lat' dir='ltr'>meo</span> <span class='ocrx_word' id='word_1_113' title='bbox 760 2816 904 2887; x_wconf 86' lang='lat' dir='ltr'>uomiue</span> <span class='ocrx_word' id='word_1_114' title='bbox 926 2816 1047 2887; x_wconf 86' lang='lat' dir='ltr'>omnia</span> <span class='ocrx_word' id='word_1_115' title='bbox 1067 2836 1178 2910; x_wconf 82' lang='lat' dir='ltr'>nuper</span> <span class='ocrx_word' id='word_1_116' title='bbox 1195 2814 1325 2909; x_wconf 87' lang='lat' dir='ltr'>edita,</span> 
     </span>
     <span class='ocr_line' id='line_1_23' title="bbox 295 2910 1321 3011; baseline 0 -24"><span class='ocrx_word' id='word_1_117' title='bbox 295 2935 355 2987; x_wconf 89' lang='lat' dir='ltr'>me</span> <span class='ocrx_word' id='word_1_118' title='bbox 379 2926 621 2998; x_wconf 85' lang='lat' dir='ltr'>monuerunt,</span> <span class='ocrx_word' id='word_1_119' title='bbox 653 2928 691 2984; x_wconf 89' lang='lat' dir='ltr'>ut</span> <span class='ocrx_word' id='word_1_120' title='bbox 718 2910 908 3007; x_wconf 84' lang='lat' dir='ltr'>diligenter</span> <span class='ocrx_word' id='word_1_121' title='bbox 935 2914 1043 2986; x_wconf 87' lang='lat' dir='ltr'>etiam</span> <span class='ocrx_word' id='word_1_122' title='bbox 1072 2931 1179 3011; x_wconf 88' lang='lat' dir='ltr'>atque</span> <span class='ocrx_word' id='word_1_123' title='bbox 1208 2913 1321 2989; x_wconf 89' lang='lat' dir='ltr'>etiam</span> 
     </span>
     <span class='ocr_line' id='line_1_24' title="bbox 298 3007 1321 3108; baseline 0.006 -27"><span class='ocrx_word' id='word_1_124' title='bbox 298 3008 447 3108; x_wconf 82' lang='lat' dir='ltr'>posthac</span> <span class='ocrx_word' id='word_1_125' title='bbox 468 3007 638 3099; x_wconf 80' lang='lat' dir='ltr'>videam,</span> <span class='ocrx_word' id='word_1_126' title='bbox 667 3009 727 3082; x_wconf 93' lang='lat' dir='ltr'>cui</span> <span class='ocrx_word' id='word_1_127' title='bbox 748 3010 1065 3086; x_wconf 79' lang='lat' dir='ltr'>lucubratiunculas</span> <span class='ocrx_word' id='word_1_128' title='bbox 1089 3034 1188 3085; x_wconf 83' lang='lat' dir='ltr'>meaa</span> <span class='ocrx_word' id='word_1_129' title='bbox 1205 3014 1321 3108; x_wconf 81' lang='lat' dir='ltr'>pubii-</span> 
     </span>
     <span class='ocr_line' id='line_1_25' title="bbox 299 3106 1322 3205; baseline 0.006 -24"><span class='ocrx_word' id='word_1_130' title='bbox 299 3108 429 3183; x_wconf 76' lang='lat' dir='ltr'>candas</span> <span class='ocrx_word' id='word_1_131' title='bbox 463 3106 699 3179; x_wconf 78' lang='lat' dir='ltr'>committam.</span> <span class='ocrx_word' id='word_1_132' title='bbox 763 3107 823 3183; x_wconf 86' lang='lat' dir='ltr'>sic</span> <span class='ocrx_word' id='word_1_133' title='bbox 861 3111 965 3189; x_wconf 60' lang='lat' dir='ltr'>incip</span> <span class='ocrx_word' id='word_1_134' title='bbox 993 3109 1119 3205; x_wconf 60' lang='lat' dir='ltr'>sami&lt;</span> <span class='ocrx_word' id='word_1_135' title='bbox 1148 3108 1208 3181; x_wconf 75' lang='lat' dir='ltr'>riu</span> <span class='ocrx_word' id='word_1_136' title='bbox 1224 3115 1322 3187; x_wconf 65' lang='lat' dir='ltr'>eeu:</span> 
     </span>
     <span class='ocr_line' id='line_1_26' title="bbox 300 3202 1436 3321; baseline 0.005 -43"><span class='ocrx_word' id='word_1_137' title='bbox 300 3206 462 3321; x_wconf 70' lang='lat' dir='ltr'>qttamvis</span> <span class='ocrx_word' id='word_1_138' title='bbox 485 3202 510 3275; x_wconf 80' lang='lat' dir='ltr'>st</span> <span class='ocrx_word' id='word_1_139' title='bbox 536 3202 608 3279; x_wconf 84' lang='lat' dir='ltr'>stne</span> <span class='ocrx_word' id='word_1_140' title='bbox 630 3205 788 3299; x_wconf 87' lang='lat' dir='ltr'>periculo</span> <span class='ocrx_word' id='word_1_141' title='bbox 812 3208 944 3281; x_wconf 86' lang='lat' dir='ltr'>nemini</span> <span class='ocrx_word' id='word_1_142' title='bbox 973 3210 1093 3309; x_wconf 86' lang='lat' dir='ltr'>sapere</span> <span class='ocrx_word' id='word_1_143' title='bbox 1115 3207 1217 3301; x_wconf 87' lang='lat' dir='ltr'>licet,</span> <span class='ocrx_word' id='word_1_144' title='bbox 1243 3208 1323 3283; x_wconf 80' lang='lat' dir='ltr'>feti·</span> <span class='ocrx_word' id='word_1_145' title='bbox 1435 3233 1436 3236; x_wconf 70' lang='grc'>’</span> 
     </span>
    </p>
   </div>
   <div class='ocr_carea' id='block_1_7' title="bbox 301 3302 1326 3501">
    <p class='ocr_par' dir='ltr' id='par_1_8' title="bbox 301 3302 1326 3501">
     <span class='ocr_line' id='line_1_27' title="bbox 302 3302 1326 3405; baseline 0.007 -25"><span class='ocrx_word' id='word_1_146' title='bbox 302 3326 377 3381; x_wconf 83' lang='lat' dir='ltr'>ctus</span> <span class='ocrx_word' id='word_1_147' title='bbox 410 3302 569 3399; x_wconf 84' lang='lat' dir='ltr'>sapiunt,</span> <span class='ocrx_word' id='word_1_148' title='bbox 605 3302 664 3401; x_wconf 90' lang='lat' dir='ltr'>qui</span> <span class='ocrx_word' id='word_1_149' title='bbox 697 3304 818 3379; x_wconf 82' lang='lat' dir='ltr'>alienu</span> <span class='ocrx_word' id='word_1_150' title='bbox 843 3308 1000 3405; x_wconf 82' lang='lat' dir='ltr'>periculo</span> <span class='ocrx_word' id='word_1_151' title='bbox 1027 3305 1178 3405; x_wconf 68' lang='lat' dir='ltr'>sapiunt.</span> <span class='ocrx_word' id='word_1_152' title='bbox 1230 3307 1326 3386; x_wconf 72' lang='lat' dir='ltr'>vate</span> 
     </span>
     <span class='ocr_line' id='line_1_28' title="bbox 301 3402 529 3501; baseline -0.022 -23"><span class='ocrx_word' id='word_1_153' title='bbox 301 3402 529 3501; x_wconf 80' lang='lat' dir='ltr'>Burdegalae.</span> 
     </span>
    </p>
   </div>
   <div class='ocr_carea' id='block_1_8' title="bbox 0 0 1475 4650">
    <p class='ocr_par' dir='ltr' id='par_1_9' title="bbox 0 0 1475 4650">
     <span class='ocr_line' id='line_1_29' title="bbox 0 0 1475 4650; baseline 0 0"><span class='ocrx_word' id='word_1_154' title='bbox 0 0 1475 4650; x_wconf 95' lang='lat' dir='ltr'> </span> 
     </span>
    </p>
   </div>
  </div>
 </body>
</html>
