2875 4650
481 260 1120 344 uturcnrtorttn

287 417 401 524 (quod
415 421 615 496 dourfflmir
630 419 741 494 etiarn
756 417 953 493 usuvenilse
970 418 1154 518 videmus)
1174 417 1326 496 Pauline

287 547 353 623 pro
380 521 605 613 Eutropianir
633 519 817 592 citentur:
855 543 944 614 quae
963 536 1135 614 qnantum
1163 521 1325 610 distent,

288 623 441 700 aliorum
453 617 527 694 esto
542 619 730 716 judicium.
782 617 905 690 Tanta
918 638 1015 690 certe
1030 616 1132 690 clade
1148 618 1244 692 hunc
1258 619 1318 691 ille

290 717 460 794 affecerat
480 769 493 808 ,
527 735 567 790 ut
587 719 681 790 nulla
706 715 859 788 inveniri
887 712 1049 810 impressa
1069 718 1319 811 exemplaria,

340 841 380 892 ae
410 814 679 914 castigationem
711 812 942 904 sustinerent,
982 835 1090 887 arne
1120 816 1324 912 potuerint«
1431 834 1432 845 ¹

289 843 413 1020 &trare
435 934 550 988 torum
575 913 649 1008 ipse
672 909 869 984 describere
896 909 1036 985 coaetus
1063 910 1149 987 sum.
1199 913 1324 1014 Quem

293 1015 451 1104 laborem
477 1013 638 1111 publicae
671 1009 833 1084 utilitatis
864 1009 1056 1084 studiorum
1081 1013 1184 1086 cansa
1207 1017 1322 1086 susce·
1431 1032 1433 1136 ι

201 1169 204 1180 .
292 1133 415 1210 ptum,
442 1111 525 1184 ideo
547 1111 680 1184 nomini
705 1127 768 1181 tuo
788 1105 954 1183 dedicare
973 1111 1092 1198 votui,
1117 1109 1213 1205 quod
1232 1133 1330 1184 unua
1431 1140 1433 1196 l

293 1209 336 1286 sir
361 1209 454 1284 inter
476 1209 602 1284 heroas
625 1205 786 1296 nostros,
805 1207 865 1304 qui
886 1210 930 1280 de
952 1208 1063 1280 literis
1080 1212 1216 1302 optime
1226 1207 1323 1304 judi·
1431 1204 1433 1288 l

294 1329 376 1380 care
395 1323 509 1411 potes.
559 1310 655 1382 Bene
680 1307 775 1378 vale.
826 1307 970 1404 Brngis,
995 1307 1181 1403 Caljulii.
1215 1313 1329 1382 Anno
1431 1289 1433 1356 l

296 1405 455 1482 aNatali
469 1407 619 1482 Domini
637 1427 743 1498 1545.

365 1601 695 1706 ELlAS
766 1596 1261 1707 VINETUS

613 1815 998 1891 nncronru
1431 1780 1433 1821 l

399 1999 599 2076 bundanter
614 1997 660 2072 de
671 1999 773 2072 rebus
784 1995 822 2072 ἃ
838 1998 982 2094 copiose
995 2001 1200 2099 scripserant
1214 2002 1327 2078 Grae,
1431 1948 1432 1983 r

423 2101 456 2172 ci
474 2098 661 2192 Latinique
675 2099 843 2170 ²¹¹tl¹⁰oe⁸
855 2099 1042 2192 permulti,
1060 2123 1207 2212 quprum
1219 2102 1332 2177 libror·

300 2201 445 2276 suerunt
461 2197 520 2292 qui
535 2194 649 2268 statim
666 2195 922 2270 contraherent.
970 2198 1159 2294 Eutroprus
1177 2221 1301 2274 contra
1312 2248 1336 2290 7

301 2319 357 2374 rea
375 2297 556 2369 Romanas
579 2295 622 2367 ab
645 2295 742 2368 Urbe
756 2293 900 2369 condita
919 2293 964 2369 ad
987 2297 1081 2371 snam
1099 2321 1207 2395 nuque
1228 2317 1327 2375 aeta·

301 2412 378 2469 tem
394 2390 591 2467 breviffime
607 2392 846 2487 explicuerat:
872 2416 940 2488 qno
965 2392 1012 2467 fic
1027 2398 1239 2487 Valentem,
1266 2398 1330 2493 qui

301 2496 460 2568 omnium
476 2490 650 2564 literarum
669 2492 809 2586 ignarus
829 2492 874 2564 ad
891 2495 1081 2589 Imperium
1101 2493 1335 2590 pervenisset,

290 2589 351 2665 ‘ad
388 2590 602 2685 superiorum
632 2588 761 2663 ducum
786 2590 1054 2688 principumque
1087 2593 1337 2669 Romanorum-

304 2712 360 2767 res
381 2690 495 2787 geilan
511 2688 760 2784 percurrendos
776 2689 946 2763 alliceret.
992 2691 1136 2765 Invenit
1148 2715 1234 2765 vero
1252 2694 1334 2783 ille,

305 2790 366 2887 qni
391 2812 437 2861 ex
457 2790 497 2860 L.
514 2789 643 2863 Anneo
667 2788 792 2874 Floro,
817 2786 997 2880 Eusebio,
1025 2791 1135 2871 Sexto
1157 2788 1340 2883 Viclore,

307 2888 559 2983 Hieronymo,
592 2884 745 2975 Rufino,
778 2885 902 2960 Orosro
923 2884 962 2959 (lt
986 2888 1084 2980 aliis,
1121 2908 1196 2963 tam
1221 2894 1336 2965 multa
1431 2901 1432 2908 ’

306 2983 540 3074 infercirent,
584 3002 623 3057 ur
656 2984 835 3079 exemplar
869 2982 1050 3061 Bafiliense
1080 2987 1178 3062 Anni
1205 2987 1338 3065 Christi

308 3102 396 3161 nnn.
408 3104 530 3171 xxxrr,
549 3084 661 3179 majus
678 3080 719 3155 srt
734 3083 908 3177 decuplo,
922 3108 1025 3181 quarn
1040 3086 1134 3180 quod
1148 3086 1193 3159 ab
1209 3090 1337 3163 antho-

309 3206 348 3257 re
367 3184 443 3281 ipso
459 3182 591 3256 editum
609 3178 733 3255 suerat.
768 3182 911 3255 Illorum
926 3185 1100 3278 epitomas
1114 3206 1338 3281 conquerun-

309 3302 366 3353 tur
391 3284 569 3356 literarnm
597 3278 735 3353 studiosi
763 3283 901 3354 causam
922 3280 1049 3373 fuisse,
1091 3307 1153 3358 cnr
1170 3284 1343 3376 Polybii,
1431 3365 1432 3374 χ

310 3380 446 3477 Trogi,
475 3378 652 3467 vintoris,
677 3378 839 3471 Ulpiani,
872 3378 1080 3457 &aliorum
1105 3384 1340 3479 Jurisconsul·

310 3492 426 3553 torum
446 3478 623 3573 praeclara
637 3476 763 3571 scripta
778 3480 1038 3569 interciderint3
1061 3480 1119 3555 sed
1137 3482 1197 3578 qui
1209 3482 1343 3557 Eutro-

309 3576 360 3673 pii
371 3576 585 3651 Breviariurn
600 3576 650 3649 ita
665 3572 984 3669 labefactaverant,
1006 3598 1140 3672 quanto
1155 3575 1221 3654 fint
1235 3578 1280 3653 de
1297 3581 1344 3653 li·

309 3676 397 3750 terir
411 3673 534 3748 rnelius
551 3676 688 3763 meriti,
714 3693 813 3747 tunm
828 3675 902 3748 esto
916 3678 1099 3773 judicium
1138 3679 1218 3776 ligo
1235 3698 1342 3753 certe

311 3774 398 3847 boni
424 3772 580 3847 authoris
604 3773 722 3847 vicem
748 3774 810 3847 diu
831 3773 870 3847 nr
894 3778 1043 3849 multum
1063 3777 1185 3864 dolui,
1219 3776 1342 3853 donec

312 3870 423 3949 incidi
439 3870 580 3947 tandem
597 3872 632 3947 in
656 3874 836 3968 antiquum
851 3876 949 3947 illurn
964 3875 1242 3949 Dominicalinm
1253 3878 1341 3949 Bur·

311 3968 550 4073 degaleusrum
566 3972 714 4064 librum,
731 3994 778 4047 ex
793 3971 892 4068 cujus
905 3972 1068 4049 siderum
1081 3975 1261 4071 integrum
1278 3974 1343 4049 da·

306 4108 346 4128 ν·
784 4097 789 4104 ·
1235 4094 1340 4164 mus,
