2875 4650
421 239 1107 375 *nnnrcrrronas

273 425 359 514 itte,
384 421 482 514 cujus
498 421 535 496 in
554 442 678 496 omnes
693 421 903 516 imperium,
925 423 1134 519 Imperator.
1169 423 1304 502 Eomnt

270 521 346 620 jam
367 522 455 596 Tria
469 517 587 606 suere,
613 519 810 596 laborat&
836 524 897 598 via
917 519 968 598 est
992 522 1195 628 Quartum„
1214 523 1303 600 Exi·

273 643 344 718 gua
362 620 456 693 enirn
473 620 548 715 ejus
563 615 602 692 dt
617 641 744 692 manca
761 621 865 716 plane
881 617 1047 718 vestigia,
1072 644 1144 718 non
1161 618 1223 696 ubi
1238 645 1301 698 na·

275 739 373 812 tum,
398 717 458 790 sed
476 718 513 790 in
536 717 651 792 alieno
667 717 763 809 solo,
785 719 822 792 in
837 722 949 796 alicua
969 736 1095 817 geute,
1119 717 1231 818 &so
1245 743 1302 795 re·

274 813 666 914 somviciffirudinest)
691 839 754 906 ea,
779 841 868 914 quae
889 817 1037 894 exitium
1060 817 1112 894 illi
1132 815 1170 892 dt
1192 820 1304 892 inter·

274 917 494 1000 necionem,
519 936 590 988 non
617 915 743 1002 semel,
769 917 914 990 minata.
965 917 1118 1014 Singulis
1138 915 1304 991 sui'Scri·

275 1035 398 1112 ptores
418 1011 457 1086 dt
471 1014 666 1086 Praeconet
682 1034 1024 1092 commemorantur:
1050 1017 1167 1091 Primo
1180 1011 1219 1089 dt
1237 1017 1303 1089 Se·

276 1112 414 1202 cundo,
439 1105 585 1207 suspecti
609 1113 776 1200 omnino;
803 1114 958 1204 Tertio,
982 1137 1056 1188 non
1084 1115 1218 1212 absque
1247 1111 1301 1188 sa·

272 1207 419 1288 bulis&
434 1209 640 1298 mendaci03
666 1207 802 1312 Quarto
818 1235 922 1300 vero,
943 1235 1014 1311 quo
1029 1214 1238 1288 remotiores
1256 1213 1303 1286 ab

275 1311 353 1408 ejus
382 1307 627 1397 incunabulis,
663 1331 709 1382 eo
736 1309 880 1385 veritati
909 1309 948 1384 dt
982 1311 994 1385 i
1022 1309 1047 1384 si
1078 1311 1130 1384 rei
1161 1312 1304 1408 propio-

275 1431 343 1486 ter.
401 1407 533 1486 Eorum
557 1407 698 1504 quidam
723 1409 826 1504 plene
856 1433 910 1510 ret
935 1432 981 1507 ge
1012 1431 1049 1483 as
1073 1407 1305 1506 scripserunt;

276 1507 436 1583 nonnulii
470 1507 680 1580 summatim.
736 1507 875 1582 Horum
903 1509 1059 1582 Annales
1088 1509 1192 1595 sunt,
1222 1508 1307 1581 isso·-

274 1629 354 1682 rum
379 1601 536 1680 Historia
558 1603 697 1679 dicitur.
749 1605 839 1680 Non
860 1605 1052 1700 postremus
1074 1606 1110 1680 iu
1131 1603 1305 1680 Posterio-

276 1729 356 1780 rum
391 1701 496 1777 classe
524 1703 583 1777 hic
609 1699 776 1792 Austor3
812 1706 873 1802 qui
900 1726 989 1801 quac
1018 1705 1166 1802 populus
1193 1703 1302 1778 Rom.

277 1825 390 1882 annos
416 1805 517 1888 ciac,
541 1799 655 1905 dtqui
672 1822 889 1892 excurrunt,
913 1803 1087 1900 patravit,
1114 1819 1211 1875 tanta
1230 1805 1304 1876 coi·

276 1905 368 2001 legit
389 1901 584 1988 brevitate,
610 1921 650 1975 ut
669 1899 756 1974 nihii
775 1898 852 1976 fere
868 1899 903 1976 in
919 1900 993 1998 ejus
1011 1901 1196 1995 imperium
1214 1901 1306 1974 inci·

278 1999 393 2094 derit,
417 1999 511 2096 quod
529 2022 599 2074 non
613 1998 778 2096 diligenti
791 1997 946 2088 auctori,
960 1999 1079 2074 saltem
1096 2001 1206 2073 tribus
1220 2022 1303 2071 ver·

278 2101 356 2188 bis,
380 2118 554 2174 notatum.
593 2099 631 2171 si
651 2098 774 2195 quain
795 2097 954 2196 legendis
967 2095 1118 2170 historiis
1135 2097 1305 2172 utendum

280 2197 468 2274 methodo:
496 2215 595 2269 certe
611 2195 671 2271 hic
685 2195 831 2293 scriptor
854 2219 924 2269 nou
946 2195 1305 2291 praetermittendus,

279 2297 341 2377 sed
359 2295 656 2396 praemittendus:
681 2295 784 2371 nimir
799 2295 896 2369 enim
912 2291 1086 2369 succincta
1109 2293 1197 2370 mihi
1221 2295 1305 2371 Ser.

279 2396 365 2478 Rufi
387 2396 556 2492 epitome.
606 2395 759 2491 Regiam
781 2393 839 2469 hic
857 2390 973 2467 noster
991 2392 1028 2468 or
1052 2412 1186 2467 certam
1209 2396 1307 2467 viam

278 2496 402 2579 sternit
420 2493 463 2569 ad
480 2518 562 2583 eos,
587 2496 648 2591 qui
662 2490 797 2569 fusioris
818 2490 856 2567 dt
876 2492 1013 2566 heroici
1026 2490 1107 2567 stili.
1139 2492 1227 2567 Non
1243 2490 1306 2566 ha·

277 2596 413 2673 bendus
431 2594 531 2682 sane,
556 2617 624 2691 quo
641 2592 846 2687 quibusdam
861 2590 933 2680 est,
959 2591 1059 2678 loco,
1084 2588 1123 2666 dt
1138 2609 1306 2687 tanquam

278 2718 403 2795 porum
424 2694 583 2767 Latinus.
635 2690 719 2765 Hoc
737 2691 827 2766 illius
844 2713 914 2765 non
936 2690 1106 2791 ingenio,
1131 2688 1188 2762 sed
1211 2713 1306 2763 aevo

185 2848 192 2861 .
279 2792 526 2891 imputandum
539 2816 550 2881 ;
575 2813 644 2887 quo
671 2790 722 2863 illi
744 2789 866 2864 Latiae
887 2790 1026 2885 linguae
1046 2788 1220 2862 cadebant
1237 2786 1304 2863 flo-

280 2916 362 2969 res:
393 2892 473 2965 illos
494 2894 563 2987 eg'o
591 2910 659 2962 non
690 2886 1011 2983 promiscueapud
1039 2909 1162 2963 omnes
1184 2909 1305 2980 carpo.
1367 2896 1374 2909 '

281 2990 479 3085 Scriptores
497 2986 583 3061 mihi
602 2985 679 3059 sunt
694 2986 732 3059 iri
747 2988 911 3061 nonnullo
929 2985 1139 3061 discrimine.
1166 2987 1206 3061 in
1217 3010 1305 3080 pau·

280 3091 332 3169 cis
349 3090 459 3163 Rem:
487 3087 523 3160 in
542 3087 714 3189 plerisque
732 3085 824 3160 Rem
844 3081 884 3165 dt
908 3084 1031 3159 Verba
1045 3100 1151 3159 uoto:
1178 3104 1217 3155 ut
1239 3086 1307 3164 hos

280 3186 438 3283 recipi03
466 3183 512 3259 stc
526 3184 603 3259 illos
620 3206 690 3257 non
708 3182 850 3279 rejicio:
877 3184 997 3257 exilio
1019 3179 1178 3273 Eutropii
1198 3204 1307 3257 anna·

281 3288 353 3371 lest
380 3306 425 3357 ex
444 3286 513 3358 hoc
540 3283 664 3363 ordine
687 3282 845 3357 Suetonii
871 3281 1055 3368 Caesarea,
1079 3294 1150 3352 non
1175 3282 1310 3377 absque

281 3383 428 3482 praevio
452 3380 617 3469 consilio,
642 3382 766 3469 vobis,
792 3379 932 3475 partitis
953 3381 1100 3465 diebus,
1127 3400 1171 3451 ex
1199 3378 1310 3456 lican-

281 3484 368 3571 dos,
392 3480 431 3555 dt
449 3482 536 3554 meis
551 3478 687 3570 verbis,
711 3499 877 3575 quantum
901 3476 1035 3581 potest,
1056 3402 1234 3571 juvandos
1256 3483 1310 3554 se·

281 3582 365 3677 legi.
391 3582 540 3655 Secutus
556 3576 627 3651 sum
644 3578 840 3651 editionem
860 3577 912 3651 et.
930 3575 1018 3665 viri,
1033 3576 1179 3651 Antonii
1197 3578 1310 3651 Scho-

283 3679 404 3766 novii‚
430 3700 521 3774 quae
542 3678 602 3750 ubi
626 3678 670 3751 ab
694 3677 843 3753 Henrici
868 3674 1053 3766 Giarmni,
1076 3674 1176 3751 Eliae
1193 3676 1309 3750 Vine·
1351 3695 1356 3705 ’

282 3778 331 3866 ti,
358 3776 450 3849 Frid.
469 3776 665 3871 Sylburgii,
690 3772 729 3848 dt
751 3772 1016 3870 manuscripto,
1048 3774 1109 3871 qui
1133 3772 1224 3869 apud
1249 3798 1311 3851 me

283 3878 328 3956 ab
352 3872 580 3953 eruditiffimo
599 3876 697 3963 viro,
721 3874 848 3949 Franc.
865 3871 1027 3962 Nande,
1051 3872 1221 3959 discedit3
1245 3896 1314 3947 no·

284 3974 384 4057 tabo.
435 3972 538 4057 Nihil
557 3974 712 4065 mutavi,
739 3971 805 4049 nifi
829 3971 925 4081 quod
949 3966 1313 4145 necessariamtmuta·

546 4116 553 4127 ·
1190 4092 1314 4147 ionem
