2875 4650
185 266 188 277 ·
290 284 364 360 492
483 229 783 340 nunnorir
830 223 986 338 rrrsr.
1033 260 1179 397 ¹nom.

292 450 330 523 se
349 466 365 501 ²
381 444 539 535 dedidita
564 444 602 519 dt
617 461 741 521 contra
759 446 969 542 religionem
990 446 1199 521 sacramenti
1214 446 1336 522 Tires-

237 602 248 622 .
293 548 466 621 salonicae
481 548 639 641 privatus
662 545 798 618 occisus
818 544 879 618 est.
931 546 984 617 Eo
1006 565 1168 642 ternpore
1189 569 1244 620 res
1261 550 1339 621 Ro·

292 652 399 723 maiia
419 646 480 719 sub
509 667 579 719 uno
600 644 762 745 Augusto
783 641 821 718 ἃ
847 643 957 717 tribus
980 642 1183 719 Caesaribus
1216 643 1337 743 (quod

494 836 730 905 Vitatis:
789 836 1144 907 Lacrronrs.
1239 766 1316 817 nun

333 957 356 1005 x
374 940 458 1001 Dedit
476 936 569 1015 Lugd.
588 940 651 999 liat.
673 956 698 1001 a.
720 958 748 1003 α.

661 1034 969 1117 Nostin.

298 1152 353 1191 mim
366 1138 474 1188 terreiltl
489 1137 520 1186 ad
534 1138 732 1200 chalcedonem,
752 1153 798 1188 un-
835 1136 918 1195 tropin
944 1148 1046 1197 quoqne
1070 1138 1182 1189 videmus
1202 1176 1212 1202 ,
1235 1140 1280 1202 qai
1306 1142 1338 1189 de

299 1205 331 1251 de
342 1203 512 1251 Nicomediam
530 1204 584 1262 suga
600 1202 697 1263 elapsus
714 1202 740 1251 se
754 1206 797 1252 de·
836 1200 903 1248 hisce
931 1201 1113 1263 temporibus,
1141 1205 1229 1262 quibus
1261 1210 1340 1253 inulta

212 1320 217 1329 ,
299 1267 369 1317 didit.
401 1265 496 1314 zozim.
512 1278 540 1313 ir.
554 1267 631 1314 Cain.
836 1264 1093 1314 suntcnriiiianorana
1103 1266 1200 1325 insignia
1217 1268 1280 1315 sad'ta
1290 1280 1339 1327 ,ue

332 1328 573 1391 Apudll'icnandlaar]
587 1327 748 1379 nisiintiione
761 1331 797 1378 la·
835 1339 886 1375 uno
903 1326 1005 1387 quidem
1020 1330 1099 1377 verbo
1116 1332 1293 1379 commeminit.
1310 1332 1339 1377 id

302 1395 392 1443 bonate
415 1392 512 1439 videtur
530 1391 568 1440 liic
596 1394 674 1441 locut.
715 1394 801 1450 ugo,
840 1388 898 1437 sane
923 1392 964 1437 vel
992 1392 1133 1450 malignitati
1162 1395 1343 1452 scribentium,

301 1455 412 1516 Papiam
431 1456 531 1502 Halalae
557 1458 638 1504 navali
659 1456 685 1503 ds
700 1454 801 1514 terrestri
840 1465 881 1501 aut
897 1453 1154 1503 timoriattrilsuamua.
1186 1458 1343 1514 Praeterea,

297 1521 386 1583 praello
400 1520 486 1574 aidus,
501 1518 718 1578 apadlllicmdr'aaa
728 1520 801 1578 fede-
840 1516 906 1574 quod
919 1516 1024 1565 cantari
1047 1518 1130 1577 dopna
1146 1531 1231 1577 parum
1247 1521 1342 1578 plaui-

300 1583 369 1633 didit.
409 1580 497 1637 Neque
514 1582 578 1627 enim
596 1582 661 1641 apud
684 1582 802 1629 Nicome-
841 1578 890 1626 bile
910 1580 974 1638 apud
993 1580 1232 1641 homineasnperbos
1249 1594 1342 1631 aevo·
1403 1581 1404 1586 ’

303 1646 369 1695 diam
394 1643 474 1690 navali
500 1644 595 1701 praelio
624 1646 691 1692 vinci
715 1644 803 1703 potuit.
843 1643 963 1700 luptarloa
982 1656 1044 1692 erar.
1082 1644 1111 1692 Et
1133 1648 1268 1701 authores,
1290 1647 1342 1693 dla-
1403 1667 1404 1684 ι

302 1710 368 1767 Lege
383 1707 457 1755 nando
477 1718 559 1755 notam
572 1706 803 1766 superioremlili.
843 1704 902 1751 bolo
915 1718 1063 1765 procurante
1073 1740 1083 1768 ,
1095 1708 1178 1756 dicere
1186 1712 1342 1768 noluerunt,

304 1771 358 1822 iiiii
368 1770 536 1829 iicpetperam
546 1770 691 1828 distinguunt
701 1787 707 1816 r
717 1770 803 1830 Postea
841 1768 909 1825 quod
925 1768 1078 1829 principibus
1093 1776 1218 1819 occultum
1230 1772 1279 1819 esse
1295 1786 1341 1818 vo·
1403 1795 1404 1826 1

303 1851 338 1885 ιο
355 1836 456 1883 Lscs'na'taa
471 1836 552 1881 nanalt'
565 1834 590 1883 θ’
606 1834 706 1893 carandra·
719 1837 804 1896 praelia
841 1832 934 1880 iebant.
965 1832 1076 1893 Ideoque
1095 1836 1152 1883 ninii
1166 1835 1340 1897 Eutropiusde
1403 1887 1404 1900 χ

306 1900 376 1947 nidus
399 1899 459 1959 apud
481 1898 651 1957 listrensium,
670 1896 804 1957 fidelissi.
842 1895 907 1953 iano
925 1896 1019 1956 crucis,
1041 1896 1111 1952 cuius
1127 1905 1217 1946 virtute
1230 1899 1339 1946 Licinius
1403 1907 1404 1950 j

306 1963 370 2011 iiiam
389 1961 493 2019 primum
527 1962 632 2009 terrestri
650 1962 749 2019 proelio
774 1960 804 2009 ad
843 1958 1030 2006 aconstrntino
1053 1960 1134 2010 vittis
1156 1963 1198 2009 eii.
1231 1963 1340 2019 Congre·
1403 1967 1404 1972 ’

304 2023 497 2085 Adrlnnnpolim
511 2024 628 2071 Thraciae
653 2022 805 2073 vidinsfnit:
842 2021 907 2079 gavit
932 2022 1005 2070 etiam
1029 2024 1199 2073 Constantinus
1223 2026 1341 2083 synodum
1403 2041 1404 2062 i

306 2088 399 2137 deinde
414 2086 495 2135 navali
509 2089 538 2135 ad
551 2084 805 2143 Hellespontumtlta·
844 2095 962 2132 cccxviii.
982 2085 1176 2148 cpiscoporum,
1195 2100 1282 2137 contra
1295 2092 1341 2135 Ar·

307 2148 482 2201 sumrerreliri
498 2150 527 2196 ad
543 2148 742 2208 chalcedonem,
761 2162 805 2197 un·
843 2150 907 2193 rium
934 2149 1105 2206 presbyterum
1128 2152 1341 2207 Alexandrinum,

264 2228 271 2247 ·
309 2218 340 2263 de
356 2210 527 2261 Nicomediam
546 2214 601 2271 suga
616 2210 710 2270 elapsus
723 2214 748 2261 se
763 2213 804 2260 de·
843 2210 884 2267 qui
905 2211 999 2269 gloriae
1027 2212 1155 2273 laudisque
1178 2216 1203 2263 dt
1229 2212 1341 2263 novitatis

251 2284 255 2293 ’
309 2276 377 2328 didit.
410 2275 539 2323 loimrt.
555 2276 632 2324 Criu.
843 2275 957 2333 improbe
982 2274 1105 2337 cupidus,
1134 2277 1208 2337 impia
1226 2276 1251 2326 in
1271 2276 1337 2325 Cirri-

340 2343 423 2387 Contra
436 2339 561 2400 religionen
575 2335 733 2401 fiscannensi]
748 2338 806 2386 lloc
843 2336 917 2384 lirum
942 2337 1054 2396 prolerre
1073 2341 1172 2400 coepit:
1195 2343 1258 2390 Eum
1283 2342 1341 2389 dun·

277 2446 280 2460 ,
308 2401 423 2452 videntur
444 2401 591 2448 Christianae
616 2401 805 2458 pietatisirnliea
844 2410 911 2447 taxat
934 2401 981 2448 esse
1000 2402 1145 2463 hominem,
1174 2417 1225 2452 non
1254 2405 1340 2453 Deum.

308 2461 529 2514 inconstantinam
542 2463 641 2512 linitilse.
665 2465 715 2512 iiiii
726 2463 805 2524 aittnt,
844 2461 898 2509 Fuit
914 2475 996 2512 autem
1021 2467 1082 2514 laaec
1096 2467 1205 2515 Nicaeae
1225 2468 1287 2516 urbe
1303 2467 1341 2512 iii·

308 2527 430 2578 Licinium
446 2525 527 2581 ¹iniisse
547 2526 671 2574 confilium
690 2527 723 2574 de
740 2528 806 2574 tesu-
845 2523 958 2586 thyniae,
975 2538 1039 2576 anno
1050 2529 1150 2578 Domini
1168 2543 1225 2594 ³24·
1244 2533 1341 2580 rumore

310 2590 407 2639 mendis
417 2591 490 2636 armis
501 2623 509 2650 ,
520 2602 549 2638 ac
562 2587 621 2637 ideo
635 2589 661 2638 ln
680 2601 737 2642 enta
752 2589 807 2638 mis-
844 2587 933 2637 Euseb.
950 2590 1047 2640 circiter
1060 2606 1150 2641 annum
1167 2605 1204 2650 1³·
1225 2594 1341 2642 Conslan-

310 2653 351 2704 sos
368 2651 501 2702 occisores.
516 2653 600 2704 Graii.
844 2650 897 2700 tini.
935 2653 1042 2702 Nicense
1068 2656 1210 2705 Concilium
1229 2667 1341 2706 vocarunt

268 2728 273 2736 ·
344 2719 377 2766 Es
394 2727 472 2766 cantra
491 2715 631 2780 religionen]
650 2721 729 2779 Νιῃιο
742 2717 809 2765 aruit
846 2715 899 2774 eii,
914 2715 1003 2775 inquo
1022 2717 1159 2776 symbolum
1172 2720 1235 2768 iiind
1251 2722 1339 2768 editum

306 2779 355 2846 pall
369 2783 403 2840 el,
416 2781 502 2828 uiolata
517 2783 670 2840 jurisjurandi
684 2783 809 2845 religione,
847 2777 915 2836 qnod
932 2776 957 2826 ln
968 2779 1036 2828 Mssa
1049 2794 1173 2843 cantatur,
1186 2784 1219 2830 de
1233 2796 1284 2842 quo
1294 2785 1341 2830 Ru·

312 2845 370 2908 quad
391 2843 475 2908 quadan
491 2841 632 2904 constantino
659 2863 702 2894 nan
719 2845 810 2904 insolatae
847 2837 1000 2891 sanamur.
1018 2845 1258 2906 uctufiastmryluiaa
1272 2849 1342 2894 multa

312 2909 459 3018 stamineum
467 2909 537 2954 nita·
546 2907 635 2958 ademit.
646 2906 809 2957 Zozim.si.F.
848 2903 950 2966 diderit,
964 2907 1070 2955 maxime
1081 2921 1142 2956 vero
1156 2923 1211 2967 cap.
1223 2909 1343 2958 11.an-

312 2973 347 3020 At
370 2971 424 3030 ipe
452 2969 560 3020 Licinius
582 2969 699 3032 darem,
726 2971 749 3018 dr
771 2981 811 3019 res
849 2967 888 3038 dte¹
904 2979 958 3026 cap.
975 2981 1010 3017 in
1040 2971 1106 3020 Arrii
1128 2983 1232 3020 mortem
1252 2973 1341 3030 resen,

314 3047 394 3084 novas
408 3037 507 3084 molitus
521 3034 719 3095 contrapadum
738 3035 761 3080 dt
775 3032 809 3080 sa·
849 3041 918 3086 cmm
935 3032 1016 3079 omnia
1031 3033 1125 3083 viscera
1137 3035 1163 3084 in
1179 3035 1296 3084 secessum
1305 3037 1344 3082 de·

315 3109 467 3147 crementum
488 3131 496 3158 ‚
514 3111 564 3146 non
590 3097 677 3156 iniuste
703 3093 811 3146 intersiti
847 3091 952 3142 fluxere.
967 3095 1050 3145 Gran.

311 3161 404 3221 potnit.
437 3161 499 3210 Vide
509 3174 571 3220 quae
587 3161 616 3210 nd
630 3163 720 3210 Znfim.
733 3161 810 3208 tuas.
881 3159 929 3204 Una
942 3157 1057 3224 Augusto]
1070 3157 1232 3210 Constantino
1246 3161 1343 3222 Magne.

314 3226 462 3273 notavimus.
495 3225 563 3272 Adde
585 3227 645 3274 narr.
661 3223 754 3272 vidior.
779 3222 811 3270 de
850 3220 932 3268 Gnate.

310 3287 403 3336 Licinii
418 3287 534 3336 moribus.
549 3287 627 3336 Citii.
659 3289 812 3348 Quamquam
881 3285 961 3331 Tribus
989 3281 1141 3348 Caeliarllat]
1167 3285 1343 3345 Constantino,

313 3349 814 3412 lricCellnriussccuasentit,quarnptio-
849 3346 1009 3408 Constante,
1033 3349 1056 3395 dt
1085 3347 1237 3399 Constantio.
1262 3351 1343 3399 ctas.

314 3426 343 3462 re
358 3413 483 3473 editione,
501 3414 526 3460 itt
545 3425 592 3470 qua
612 3417 660 3461 linc
674 3411 815 3462 Constanti·
850 3411 884 3457 Eo
897 3411 957 3457 maala
970 3409 1100 3472 Respublica
1114 3413 1180 3460 nasus
1194 3415 1293 3460 arbitria
1307 3429 1344 3475 ga·

315 3478 342 3526 ni
356 3473 446 3524 fastum
465 3475 680 3525 aCltristlanorum
704 3475 813 3524 hostibus
850 3475 874 3520 π·
889 3476 973 3535 carpit,
987 3476 1064 3522 illaria
1080 3475 1345 3535 Caesdruasmt'aasi·

315 3539 400 3588 sisium
413 3537 505 3594 scribiq
522 3551 571 3587 non
583 3539 654 3588 audet
669 3551 751 3588 rameri
762 3539 813 3586 sce·
851 3537 911 3596 versa
923 3542 1092 3586 renarrantibus.
1125 3539 1186 3587 Nara
1196 3556 1224 3587 oa
1235 3538 1346 3601 empse·

315 3603 375 3652 ieris
388 3601 548 3649 rcttmsacere
566 3603 772 3661 Constantinum,
791 3603 814 3650 dt
851 3611 873 3647 ta
886 3600 1019 3662 Imperatori
1040 3599 1111 3665 nolin
1130 3601 1345 3664 Coastnrsaiafigu

314 3667 536 3727 periidnnr,quem
549 3677 609 3712 niort
629 3679 677 3713 noti
693 3669 815 3714 minorem
852 3663 953 3722 Caesaarlt
968 3665 1054 3712 datam
1089 3662 1184 3716 vidior.
1210 3666 1260 3713 Hic
1278 3667 1344 3724 igitur

310 3727 486 3776 'crudelitatem
507 3726 657 3783 &injuriam
678 3741 814 3778 excercen-
854 3726 987 3786 Eutropius
1014 3726 1144 3786 Crispum,
1166 3730 1345 3778 Conslannnunt

316 3805 367 3840 rem
384 3790 533 3839 videbimus:
545 3791 627 3842 Vuuu.
855 3790 879 3838 dt
892 3789 1058 3840 Constantium
1086 3790 1203 3842 Caesares
1223 3791 1346 3850 intelligit,

278 3869 282 3878 ·
348 3857 382 3903 Eo
403 3865 495 3916 tenpore
513 3871 547 3904 ret
563 3853 682 3917 muana]
704 3853 816 3903 Budaeus
853 3853 987 3912 praeterito
1007 3853 1096 3902 licinii
1122 3853 1197 3913 silio,
1219 3857 1261 3904 nifi
1280 3852 1345 3902 naalia

308 3917 355 3970 lli.
371 3931 404 3965 iv·
419 3919 444 3965 dr
458 3917 525 3980 Affir
540 3919 702 3977 conqueritur
721 3917 814 3977 imprn·
852 3917 892 3964 liic
912 3917 1081 3975 Licinianum,
1106 3917 1219 3980 Crispum
1242 3919 1265 3966 dt
1284 3917 1345 3964 Con·

317 3984 375 4030 bum
391 3980 597 4032 ethnicorum·de
614 3983 686 4030 rebus
701 3980 814 4030 Clariliia·
851 3979 981 4028 staminum
997 3981 1133 4040 dessqnari,
1154 3983 1223 4052 quod
1238 3983 1301 4032 hand
1315 3981 1345 4028 lta

317 4045 355 4096 uia
377 4045 505 4097 iliensium.
540 4045 571 4095 Et
591 4043 617 4097 id
634 4048 707 4110 piane
728 4044 814 4096 quu·
844 4041 924 4105 saciie
943 4043 1097 4101 credam‘d.
1112 4043 1141 4096 Fa
1284 4107 1344 4160 m
