2875 4650
382 259 947 348 PRAEFATIO.
1090 285 1179 354 xxt

201 430 292 546 Jom
318 451 406 514 vero
436 426 526 536 post
552 447 613 516 tot
638 425 803 514 diverfic
818 423 1032 536 editionet,
1056 453 1176 540 quam

135 546 278 650 paucis
302 543 506 652 exceptis,
523 541 648 631 oeulis
674 543 769 626 meis
798 540 981 646 lustrari,
1009 541 1103 654 quid
1128 545 1172 632 io

139 657 216 740 irre
233 653 418 740 Editione
442 683 467 740 a
494 683 559 743 me
590 654 806 764 praestitum
835 649 913 759 itt,
938 655 1037 740 ratio
1065 682 1172 744 nunc

140 766 333 854 reddenda
351 766 527 878 superest.
583 769 760 877 Eutropii
778 766 965 872 ietiiooe,
992 767 1081 880 quia
1100 795 1170 877 per

133 901 281 964 tantam
302 907 500 968 annorum
520 882 688 968 setiema
711 879 881 966 Condita
906 879 1010 966 Urbe
1032 879 1082 964 nd
1104 883 1169 968 suc

127 1017 254 1099 nsque
283 1015 462 1102 tempore
491 995 536 1078 in
567 992 673 1078 brevi
698 988 800 1104 quafi
824 993 962 1077 tabella
980 991 1167 1102 quidquid

125 1105 243 1212 Rerp.
278 1107 486 1194 Romame
511 1109 703 1212 evenerit,
740 1107 942 1212 amplexus
968 1105 1044 1207 est,
1070 1109 1170 1190 mul·
1273 1167 1277 1172 -

126 1237 215 1302 tum
233 1218 385 1326 semper
405 1216 618 1316 deletum,
636 1237 679 1306 ut
694 1245 741 1304 eu
757 1219 901 1325 saepius
914 1223 1074 1326 repetita
1087 1245 1167 1304 ma·

131 1331 195 1440 gis
211 1334 381 1440 placuit,
413 1331 465 1418 itu
484 1329 655 1440 quotidie
677 1332 899 1433 evolventi,
934 1355 1099 1439 cirroque
1124 1359 1166 1443 p·
1320 1336 1325 1352 '

128 1445 217 1546 liic,
247 1469 350 1551 quoe
368 1446 574 1552 plurimum
593 1443 767 1552 sequutus
794 1441 867 1526 fuir
887 1442 1043 1544 audior,
1071 1470 1167 1526 con-

127 1553 269 1640 ferenti
289 1560 420 1666 plures
438 1554 678 1662 conjeiiurae
698 1554 743 1640 dc
772 1553 1059 1652 emendationes
1082 1555 1165 1640 sub-

128 1687 247 1754 natne
264 1666 448 1768 fuerunt.
475 1690 518 1754 ut
535 1667 692 1754 taudem
719 1671 944 1782 (propterea
964 1663 1070 1776 quod
1086 1669 1166 1753 Ha-

128 1783 403 1889 vercampianc
424 1778 623 1866 desiderari
648 1780 850 1891 coeperat)
878 1777 928 1866 ad
949 1805 1091 1864 novam
1113 1783 1165 1866 F,-

130 1889 330 1978 ditionem
358 1895 527 1981 nnimum
554 1891 765 2000 adjecerim.
820 1891 943 1998 Quod
963 1887 1163 1979 confilium

129 2031 225 2088 cum
254 2006 318 2090 Fr.
339 2003 621 2115 Oudendorpio
649 2005 748 2092 Viro
774 2007 835 2092 ct.
854 2025 1099 2116 praeceptore
1116 2034 1162 2090 ο-

128 2117 198 2198 iim
232 2116 557 2220 honoratiffimo,
592 2135 631 2202 ut
663 2145 768 2203 nunc
797 2143 886 2202 mco
911 2118 1163 2226 omniumque

126 2227 328 2316 bonorum
357 2227 574 2337 desiderio,
612 2228 656 2314 dc
678 2257 792 2341 quem
816 2250 930 2318 antea
955 2227 1161 2339 quamdam

126 2340 311 2451 Eutropii
331 2365 479 2453 partem
496 2346 639 2433 sumnia
658 2344 1160 2453 cumvoluptateexpiican-

127 2472 208 2539 tem
231 2455 479 2559 audiveram,
509 2484 626 2565 quum
654 2454 1009 2567 communicaffem,
1036 2460 1159 2542 calcar

72 2608 76 2622 ⁴
125 2570 298 2653 currenti
328 2566 490 2653 subdens
514 2568 734 2655 Editionem
761 2570 1157 2678 Havercampianam,

128 2676 305 2787 aiicujus
323 2706 432 2766 oram
454 2680 639 2766 Coditem
662 2678 882 2767 Leidenstm
899 2683 1010 2789 prim.
1022 2702 1157 2765 contu·

130 2794 253 2893 ierat,
275 2792 366 2877 mihi
384 2792 550 2896 obtolit,
569 2797 816 2902 monuitque,
830 2819 880 2877 ne
897 2793 938 2876 in
951 2792 1157 2899 hujusViri

131 2904 193 2987 ct.
208 2904 445 2993 Variantinm
465 2906 693 2991 Lectionum
712 2902 928 2991 recensione
946 2906 1155 3013 adquiesce-

125 3042 234 3116 rem,
263 3018 327 3101 {ed
343 3040 489 3105 ceteros
502 3014 664 3104 Codices
682 3020 758 3124 ipse
772 3012 902 3103 denuo
921 3016 1153 3122 conferrem,

126 3127 375 3238 quodquam
405 3126 644 3221 neceffutum
675 3126 795 3235 effer,
839 3132 1010 3217 conlatio
1039 3132 1153 3240 primi

127 3238 283 3328 Codicis
300 3242 528 3329 ostenderet
588 3243 723 3345 Parui,
751 3268 822 3329 net
838 3238 928 3327 faui
946 3244 1150 3352 poenituit;

124 3353 201 3439 hoc
236 3356 342 3439 enirn
381 3358 516 3469 rgenti
550 3354 622 3443 Vir
653 3357 737 3442 Cel.
770 3363 877 3461 cuiun
913 3358 1054 3463 alioqui
1087 3382 1171 3463 me·

125 3488 309 3573 quantum
328 3466 515 3553 doctioris
532 3464 674 3557 famam
691 3469 733 3553 dc
750 3470 882 3555 meritc
901 3468 1076 3581 suspicio,
1102 3496 1149 3555 ac

124 3606 308 3677 veneror,
337 3577 446 3669 aliud
466 3580 556 3690 quid
577 3580 691 3697 egiffe
710 3582 806 3667 visun
825 3580 902 3687 est,
930 3608 1049 3690 quum
1068 3580 1149 3665 Co·

121 3690 221 3782 dicen
248 3698 339 3781 ilios
368 3694 612 3797 contulerit,
647 3691 675 3779 st
702 3691 856 3803 quidem
877 3694 1077 3807 contulit,
1105 3691 1149 3779 dc

123 3808 285 3895 nonnisi
306 3812 424 3912 ioco,
454 3826 500 3893 ut
517 3807 697 3916 suspicor,
726 3808 1009 3917 depravatam}
1033 3804 1149 3890 dubia

120 3922 294 4035 inspexit:
325 3947 434 4036 quae
467 3916 588 4008 cauffo
614 3918 694 4145 effi,
722 3949 814 4027 cur,
841 3921 896 4007 uti
923 3946 990 4008 eos
1018 3914 1150 4006 denuo

713 4061 735 4145 3
1063 4057 1158 4117 con·
