2875 4650
288 277 839 396 DsspchTia

55 467 278 592 perfecistis.
335 463 492 554 Credite
517 465 635 571 mihi,
669 465 802 554 summi
829 465 1102 580 victoni}

57 617 145 680 non
172 581 311 671 nostris
338 575 479 666 finibus
506 579 615 688 huius
640 583 821 692 praeclari
846 579 1015 686 instituti
1040 563 1109 674 ἡ(
1224 623 1229 632 ·

56 732 123 792 rna
147 699 379 790 continetur.
435 693 533 778 Late
558 695 623 780 illa
648 693 865 800 emanavit,
899 695 941 782 dc
972 698 1014 784 in
1033 710 1102 786 exc

58 835 165 904 teror
191 814 226 899 se
255 807 423 921 populor
454 831 606 916 quoque
633 805 808 934 infudit,
846 811 912 918 qui
942 807 1102 900 laudant
1178 865 1182 876 2

59 931 279 1036 inceptum,
304 929 458 1038 ejusque
486 941 748 1007 Ausucum
781 947 821 1006 m
851 924 1000 1008 coelum
1027 925 1103 1012 tol·

62 1045 175 1144 lunt,
214 1063 286 1122 nec
317 1031 446 1119 vestris
477 1028 665 1137 consiliio,
693 1031 928 1140 hortatibus,
956 1035 998 1120 dc
1026 1033 1101 1124 stu·
1218 1040 1221 1050 '
1288 1043 1291 1050 '

60 1149 130 1240 dio
153 1147 245 1260 quid
272 1143 475 1252 debeatur,
503 1172 586 1232 non
614 1147 846 1259 intelligunt.
909 1149 1102 1261 Exemplo

61 1261 189 1352 vestro
216 1262 370 1347 excitati
390 1261 515 1370 piures
534 1257 634 1344 idem
659 1257 707 1343 ad
741 1255 955 1365 redicatur,
982 1260 1104 1362 &re-

62 1373 279 1466 suscitandis
307 1373 379 1456 iliir
408 1369 561 1477 studiis,
589 1397 686 1482 quae
708 1285 853 1482 sepulta
882 1377 1104 1495 jacuerunt,

64 1516 223 1601 operam
251 1483 498 1587 dabuntur,
523 1504 566 1570 ut
591 1483 713 1591 prima
742 1508 836 1570 vos
861 1487 985 1600 gloria
1003 1487 1108 1576 illiue

66 1600 228 1688 instituti
260 1615 422 1685 mancat.
481 1593 603 1702 Quod
632 1593 803 1682 [iexteri
835 1624 986 1709 quoque
1016 1601 1113 1687 vo·'

65 1739 148 1800 urs
178 1713 318 1826 gratiae
354 1733 467 1823 agere
498 1705 694 1822 gestiunt3
734 1705 826 1816 quid
854 1738 926 1797 nos
954 1708 1112 1798 decebit.

64 1829 109 1913 dr
126 1825 259 1912 Musae
284 1822 452 1924 nostras,
490 1819 625 1930 quibus
657 1823 858 1932 praecipue
886 1823 980 1909 illud
1011 1851 1106 1912 con·

66 1939 189 2026 filium
225 1935 387 2022 vestrum
420 1936 576 2020 salutare
603 1931 701 2020 fuit?
729 1931 834 2044 quod
866 1936 962 2044 quia¹
985 1937 1038 2022 ita
1062 1939 1105 2024 in

65 2051 258 2165 publicum
285 2045 435 2133 laudem
464 2047 589 2154 cxiit3
624 2048 754 2158 utiquc
784 2045 933 2158 publice
960 2045 1105 2136 sedium

67 2162 233 2252 vestrum
267 2159 537 2250 celebrandum
574 2157 663 2263 est,
704 2178 748 2245 ut
763 2217 777 2264 ,
815 2185 893 2270 quo
925 2161 1107 2250 omnibus

67 2278 261 2365 consulere
288 2269 481 2377 voluistis,
509 2281 587 2380 ejus
613 2298 748 2360 omncs
771 2274 884 2359 ctiam
910 2298 1010 2365 vos
1038 2301 1107 2365 au·
1197 2305 1201 2312 ’

69 2392 194 2476 diores'
214 2386 320 2473 fuisse
340 2388 582 2501 cognoscant.
649 2386 736 2501 Ego
754 2379 863 2495 sene,
894 2388 1112 2483 litterarum

68 2504 177 2591 sacris
199 2500 350 2586 antistes
375 2495 628 2609 praepositus,
654 2500 828 2608 inprimis
846 2525 908 2585 mc
928 2496 968 2585 id
988 2526 1104 2615 agere

68 2614 237 2720 institui,
263 2634 543 2737 ut,·quuntum
573 2613 612 2695 in
641 2638 703 2697 me
733 2607 843 2699 situm
862 2610 940 2720 est,
968 2640 1018 2701 ne
1046 2616 1107 2699 in-

69 2749 202 2851 gratae
230 2754 398 2834 unquam
431 2722 580 2816 nostrae
603 2721 736 2812 Musae
756 2723 992 2812 videamun
1023 2719 1108 2815 Alii
1199 2804 1204 2815 .

71 2838 250 2947 privatim
267 2842 409 2949 gratias
430 2856 582 2951 agant,
607 2861 792 2945 quaenec
811 2864 885 2923 nos
906 2864 1019 2952 agere
1040 2836 1108 2923 de·

68 2949 255 3037 sinemus:
272 2948 377 3058 quod
396 2977 486 3035 vero
504 2946 728 3035 beneficium
751 2948 944 3060 publicum
963 2948 1109 3039 facium

71 3062 150 3165 cst,
177 3061 244 3164 dc,
270 3088 319 3145 ex
339 3060 458 3147 vestra
482 3090 571 3149 cura
591 3061 633 3145 dc
657 3059 1017 3167 commendatione,
1037 3090 1109 3175 pu·

70 3175 173 3262 blico
201 3174 323 3258 sumtu
357 3173 610 3283 sustentatut3
652 3175 783 3283 utiquc
822 3174 972 3287 publice
1000 3172 1116 3265 dccet·

73 3287 279 3390 declarari,
317 3306 459 3397 quanta
497 3287 537 3371 in
574 3313 647 3371 nos
684 3284 805 3371 vestra
843 3288 1111 3377 benevolentia

74 3396 144 3503 fit,
172 3396 216 3482 &
231 3424 328 3506 quae
353 3401 394 3483 in
417 3399 528 3485 nobis
545 3398 654 3483 vestri
675 3400 815 3485 amoris
833 3419 946 3510 atque
965 3402 1111 3514 gratiae

74 3510 320 3596 observantia.
388 3510 511 3619 Quod
537 3538 633 3625 ergo
659 3511 751 3597 nrihi
778 3538 882 3599 nunc
909 3508 1110 3603 subnatum

75 3620 129 3707 est
165 3626 417 3733 opusculum,
452 3648 639 3729 vonis,
675 3648 918 3711 reumont
952 3626 1126 3733 summi,·

76 3750 258 3847 tanquam
288 3736 470 3847 primitias
488 3736 640 3849 collegii
664 3739 941 3851 elegantiotum
969 3740 1111 3825 littera-

77 3870 185 3953 rum,
214 3848 339 3933 vestro
366 3848 490 3937 studio
517 3870 630 3960 atque
656 3847 820 3937 consiliio
842 3846 1027 3952 instituti,
1054 3844 1114 3934 di·

77 3983 126 4057 ,tu
152 3979 264 4077 atque
293 3958 446 4073 offero,
483 3958 572 4055 utfi
605 3986 679 4074 que
708 3963 835 4078 gratia
862 3962 972 4072 hujur
998 3960 1114 4087 libelli

1018 4091 1115 4185 ent,

1287 1531 1296 1550 ’
1412 1552 1413 1600 i

1412 1605 1413 1618 i

1412 1629 1413 1642 i
