2875 4650
371 219 947 315 PRAEFATIQ
1070 249 1187 325 mx
1312 313 1316 319 ,

141 391 207 478 bis
241 387 413 476 vindices
441 389 559 496 aliur,
597 363 820 478 intlinatarn
848 419 1002 506 quoque
1031 419 1112 480 rem
1138 399 1184 486 itt

144 531 287 618 precer
319 505 526 606 subsecuti,
567 529 677 592 orare
710 505 952 594 Dietutooem
984 505 1182 615 insistunt,

147 641 199 704 ut
218 621 364 703 renium
383 623 505 706 errori
524 617 719 723 humano,
734 623 886 704 reniam
904 621 1179 712 adolescentiae

150 735 207 836 Q.
232 731 339 817 Fabii
368 728 490 816 duret.
517 751 560 816 ut
589 731 748 818 tandem
771 759 861 818 eum
891 737 1026 846 populi
1058 738 1182 844 preci.

150 845 220 930 bur
238 843 422 946 donarit,
450 841 492 928 δι
519 843 732 954 Eutropius
756 867 880 944 erret,
905 875 994 932 eum
1013 851 1180 938 miiitum

146 956 190 1041 ἀ
211 957 351 1068 populi
377 953 513 1045 farore
538 956 764 1064 liberatum,
792 979 1016 1072 tantamque
1042 961 1180 1048 Dicit·

143 1075 221 1158 tori
254 1067 443 1156 invidiam
471 1091 708 1155 commotam
744 1070 873 1176 i'oiffe,
901 1093 946 1158 ut
974 1071 1051 1182 ipse
1075 1099 1178 1184 pene

142 1183 438 1270 interficeretur.
465 1183 604 1268 Fabius
613 1180 766 1294 quidem
775 1205 890 1271 antea
911 1187 1075 1272 militurn
1084 1213 1181 1297 ope·

143 1325 189 1384 ro
211 1296 261 1382 ab
278 1297 449 1382 exercitu
466 1293 641 1410 fugerat,
668 1319 711 1381 ut
732 1297 882 1384 Romae
902 1299 1111 1409 inploraret
1130 1327 1179 1386 o·

144 1409 432 1520 pem,quando
450 1435 585 1516 porum
606 1407 855 1518 abfuit,quio
877 1437 937 1498 rer
955 1410 1008 1498 ud
1026 1411 1182 1501 editio·

144 1550 238 1608 nem
259 1517 677 1633 perreuiffet,uti&iu
691 1522 823 1607 Castra
838 1525 984 1612 reverso
1004 1525 1178 1614 aurora.
1198 1565 1204 1581 =

145 1655 234 1721 tore
252 1635 406 1720 alienati
423 1633 531 1718 fuere
542 1632 819 1744 militer,quod
833 1637 904 1722 suir
921 1638 1095 1746 precibus
1106 1665 1178 1724 ne·
1360 1727 1387 1742 ,‚

145 1745 272 1861 goiiet
290 1747 354 1852 id,
379 1745 484 1856 quod
506 1750 653 1856 popolo
669 1742 942 1858 dederat3oon
960 1771 1178 1842 tornentur
1296 1753 1307 1760 ’

145 1859 290 1946 seditio
318 1879 453 1960 tuoto,
489 1879 557 1945 aut
588 1861 800 1946 Dictatorio
833 1863 936 1950 vitae
964 1866 1179 1972 periculum

144 1971 238 2060 suit.
296 1973 412 2058 Uter
428 1973 484 2058 hir
502 1967 744 2058 manifestum
760 1971 833 2060 effe
849 1975 1014 2084 opiner,
1042 1974 1179 2064 Dista-
1304 1993 1309 2002 “

143 2087 248 2174 toris
263 2085 338 2172 hoc
358 2093 416 2193 jur
434 2088 539 2171 nulla
564 2087 651 2196 lege
669 2087 904 2172 inminutum
929 2085 1059 2175 fuiffe:
1085 2117 1177 2198 pro-

142 2221 281 2314 pterea
301 2197 410 2310 quod
428 2199 503 2311 ipss
532 2199 639 2286 Fabii
660 2200 778 2308 patris
805 2202 966 2286 aliorum
993 2199 1209 2289 notato-³

143 2342 234 2401 rum
260 2314 441 2421 exempla
463 2311 680 2413 laudantis,
706 2315 772 2419 qui
792 2313 1022 2401 mitiores-in
1044 2313 1179 2430 Magi.

143 2426 245 2513 siros
264 2428 436 2536 equitum
457 2428 671 2511 aberrantes
700 2424 876 2531 fuerant,
902 2431 1029 2514 oratio
1046 2428 1177 2515 osteo.

143 2538 233 2647 dit,
260 2540 381 2649 ipsum
410 2564 493 2625 nou
521 2542 660 2622 minori
679 2539 839 2647 irnperio
859 2538 956 2625 hauc
977 2542 1177 2639 lenitatem

142 2650 379 2756 adscribere,
409 2649 470 2737 sed
490 2651 672 2765 ingenio,
702 2676 781 2758 quo
806 2660 908 2759 jure,
934 2648 1040 2763 quod
1061 2652 1180 2739 haire-¹

145 2764 384 2869 bant,·rroo
414 2762 467 2848 uli
499 2764 541 2845 in
571 2764 760 2848 mitiorem
787 2788 936 2873 purtem
966 2765 1194 2871 inclinares

142 2897 250 2963 rant.
309 2876 471 2986 Neque,
500 2872 529 2961 ii
559 2876 713 2985 majori,
743 2905 858 2988 quoru
882 2906 950 2988 par
972 2898 1085 2982 erat,
1104 2906 1177 2989 po·

143 2990 278 3075 testate
307 2990 392 3074 usur
418 2986 542 3091 eliet,
577 3010 643 3075 aut
671 2998 729 3096 jus
759 2994 845 3103 lege
883 2988 1078 3075 ademtum
1108 2990 1178 3077 fibi

142 3098 387 3205 vindicrffet,
415 3104 580 3188 Senator
608 3121 687 3187 tam
718 3104 859 3206 laetus,
890 3105 1024 3189 laetior
1050 3130 1179 3216 popu·

143 3210 429 3305 iorcircurnfuii
450 3242 494 3300 ac
513 3218 747 3327 gratulantes
766 3216 854 3300 hinc
865 3214 1055 3325 Magistro
1070 3219 1180 3324 equi.

140 3353 219 3420 tutu
230 3396 243 3437 ‚
255 3332 349 3419 hinc
373 3324 568 3415 Dieiatori
585 3354 673 3415 eum
691 3326 904 3444 degreiiuur
920 3332 1068 3439 templo
1086 3356 1178 3442 pto·

129 3450 247 3537 secuti
271 3440 448 3533 fuiffent.

179 3566 227 3653 L.
240 3588 296 3649 vr.
322 3588 361 3645 c.
381 3581 453 3640 20.
476 3552 622 3661 Caesar
638 3579 804 3641 tuoruum
824 3556 957 3643 urbe'rr
976 3555 1180 3667 ingroffus,

116 3665 450 3781 Dilia'toremfir
457 3670 569 3774 serit.
590 3668 682 3753 Inde
691 3667 906 3781 Hispanias
923 3674 1046 3779 petiit.
1079 3672 1181 3757 Cae·

105 3802 230 3893 brem
264 3815 359 3877 nou
385 3776 635 3867 Dictatorem
666 3778 809 3869 fartum
832 3780 901 3867 niii
924 3782 1034 3893 post,
1061 3808 1180 3892 quatur

95 3934 152 4017 εχ
158 3902 391 4025 Hispania
429 3910 714 3997 reverteretur,
752 3898 852 4006 bene
886 3895 947 3987 hie
979 3894 1183 4019 observant

723 4010 774 4122 tt
799 4010 850 4123 tr
1042 4003 1189 4121 ooo,
1363 4090 1370 4122 .
