2875 4650
477 294 1111 377 PRAEFATIO.

275 482 548 574 cie-Regnorum
577 471 800 549 Succeslione
816 524 831 560 ,-
864 468 998 545 Rufum
1022 492 1133 566 aeque
1159 470 1331 563 sequutus

277 580 349 671 est,
374 598 479 672 atque
496 573 704 665 Eutropium
726 592 810 643 ante
826 569 1078 665 Hieronymus.
1132 568 1219 641 Post
1236 573 1326 642 haec

277 681 314 755 in
335 675 488 750 tenebris
500 670 612 765 jacuit
620 672 746 742 Sextus
765 668 898 757 noster,
912 666 949 743 dc
967 666 1148 763 siquando
1165 667 1327 763 prodiit,

279 778 331 849 ita
350 794 469 845 tamen
491 769 669 863 squalidus.
686 765 754 841 fuit
780 766 1089 862 depravatusque,
1129 784 1170 837 ut
1200 789 1327 860 parum

280 875 488 970 probaretur
502 866 648 939 eruditis
665 866 829 961 ingeniis.
881 863 1043 937 Tandem
1057 862 1104 936 de
1124 864 1206 957 ipso
1221 863 1326 935 meri·

282 992 339 1043 tus
359 966 410 1043 est
423 966 483 1059 Jr.
502 962 739 1061 Cuspinianus,
759 964 842 1034 dum
856 962 1018 1035 codicum
1034 962 1235 1035 collatione
1256 985 1327 1034 cor·

280 1068 394 1155 rexit,
408 1064 590 1160 doliisque
601 1062 751 1133 Scholiis
767 1056 962 1133 illustravit.
994 1060 1077 1133 Nec
1091 1061 1241 1133 minora
1257 1061 1326 1131 Ru·

282 1166 520 1261 fusSylburgio
538 1160 738 1255 debet,qui
756 1159 815 1231 suo
834 1156 956 1231 illustri
968 1160 1086 1253 operi,
1114 1157 1215 1255 quod
1231 1158 1324 1229 Rr'rn.

284 1260 452 1361 Historiae
481 1264 621 1333 minores
635 1254 814 1354 scriptores
841 1257 1029 1347 continet,
1061 1256 1159 1329 hunc
1186 1278 1328 1352 quoque

286 1366 433 1436 Sextum
455 1354 620 1432 interesse
640 1356 778 1444 voluit,
805 1352 861 1427 sed
878 1353 993 1427 denuo
1010 1352 1251 1451 castigatum,
1276 1376 1328 1427 ac·

285 1461 509 1553 curatiurque
522 1452 756 1550 perpolitum,
775 1452 885 1541 adeo,
907 1470 946 1524 ut
962 1452 1121 1524 Gruterus
1139 1452 1236 1524 nihil
1257 1476 1327 1524 rnu-

287 1574 429 1642 tatum,
460 1552 554 1650 quod
580 1573 626 1625 ex
647 1551 836 1625 collatione
866 1551 1122 1639 observamus,
1159 1547 1328 1645 Augustae
1411 1562 1412 1587 ¹

286 1652 454 1751 Historiae
468 1647 714 1747 scriptoribus,
755 1672 842 1745 quos
870 1670 940 1721 uno
972 1648 1155 1723 volumine
1194 1650 1326 1737 edidit,
1411 1656 1412 1747 l

288 1752 386 1827 hunc
411 1772 550 1847 quoque
572 1748 782 1843 adjunxerit.
833 1748 954 1843 Belgae
974 1746 1104 1836 etiam,
1139 1762 1181 1819 ut
1200 1748 1326 1830 solent,

222 1930 227 1947 ,
287 1874 361 1928 non
387 1850 553 1943 exiguam
573 1868 718 1942 operam
747 1846 784 1918 in
807 1843 906 1918 Ruso
933 1843 1169 1919 emaculando
1189 1848 1327 1919 locave-

288 1968 384 2024 runt.
474 1948 574 2021 uibus
588 1945 749 2018 omnibus
766 1940 812 2015 lic
839 1940 885 2015 uli
901 1941 1037 2032 sumus,
1063 1962 1102 2016 ut
1122 1966 1190 2038 per
1220 1940 1326 2039 Cuspi·

223 2083 225 2086 ·
290 2054 428 2124 niarium
510 2046 717 2142 Syldurgiurrr
734 2040 904 2136 imprimis
921 2034 989 2115 'nor
1011 2040 1203 2137 profecisse
1220 2041 1328 2115 fatea-

290 2170 381 2234 mur,
418 2146 537 2219 Notas
554 2140 785 2231 subdidimus,
814 2158 853 2212 ut
879 2138 1053 2214 succincta
1074 2141 1239 2213 brevitas
1260 2141 1330 2213 illu·

291 2244 479 2331 staretur,
502 2238 527 2312 sr
545 2236 791 2314 obscuritatem
811 2239 986 2313 attulerit:
1014 2238 1120 2311 etiarn
1142 2240 1237 2315 ratio
1256 2237 1329 2309 red·

294 2344 436 2416 deretur
453 2335 641 2425 teotonis,
673 2359 778 2434 quam
799 2359 844 2412 ex
865 2338 1021 2434 pluribus
1050 2337 1167 2412 sumus
1188 2338 1329 2412 imitati.

292 2437 476 2514 sectiones
492 2436 551 2512 seu
572 2438 712 2531 Capita,
738 2437 773 2508 in
796 2438 954 2534 margine
974 2433 1084 2510 adscri
1113 2455 1179 2526 ta,
1202 2459 1225 2510 a
1244 2437 1331 2510 Gru·

293 2558 374 2611 tero
403 2537 616 2629 accepimus.
674 2537 763 2607 Sunt
792 2557 905 2624 vero,
941 2535 1000 2632 qui
1023 2460 1121 2606 Rudd
1152 2534 1330 2608 concisam
1410 2595 1411 2628 ,

293 2635 508 2712 brevitatem
524 2631 719 2728 objiciunt,
735 2630 773 2704 dc
785 2631 998 2706 Historicam
1018 2634 1220 2706 ubertatem
1234 2634 1268 2706 in
1286 2654 1329 2703 eo

294 2731 519 2823 desiderant,
554 2753 623 2804 nec
644 2731 790 2827 dignum
813 2731 965 2820 habent,
988 2733 1046 2828 qui
1068 2729 1264 2805 Historicis
1278 2753 1331 2803 ac·

295 2833 488 2908 censeatur.
535 2829 606 2903 Sed
618 2827 712 2918 esto,
732 2830 905 2903 brevitate
920 2831 1027 2908 artati
1045 2827 1139 2928 (hoc
1156 2830 1258 2904 enirn
1272 2825 1330 2922 ipli
1410 2857 1411 2926 ᾗ

296 2929 514 3028 propositum
533 2927 650 3026 suit:)
676 2950 729 3001 res
749 2927 875 3001 multas
891 2947 1009 3002 tamen
1027 2925 1065 3000 dc
1083 2950 1238 3024 magnas
1257 2931 1331 3000 bre·
1410 2927 1411 2978 t

296 3031 400 3104 vibus
416 3029 537 3102 verbis
553 3025 758 3120 complexus
782 3024 853 3100 est:
884 3023 1089 3115 facetiam,
1115 3026 1333 3125 Historicutn

229 3139 244 3191 .·
298 3145 373 3201 non
396 3125 492 3214 else3
517 3123 577 3208 ¹est
604 3142 722 3198 tamen
747 3125 938 3198 calculator
968 3122 1242 3214 Historiarum,
1277 3123 1333 3218 qui

298 3247 382 3297 aere
398 3225 552 3298 breviori
567 3225 601 3296 in
618 3225 783 3296 summam
798 3221 940 3320 collegit
953 3278 963 3310 ,
974 3243 1063 3316 quae
1078 3222 1138 3296 alii
1151 3221 1334 3296 'verbosius

298 3320 420 3418 &per
446 3325 611 3416 ambages
629 3339 888 3395 enarraverunt.
941 3319 1035 3422 Quid
1051 3321 1189 3393 multa?
1212 3320 1335 3394 Omni·

298 3421 385 3508 bur,
417 3421 478 3514 qui
498 3417 650 3493 nostrum
675 3435 849 3514 carpunt,
883 3419 1166 3514 incomparabilis
1187 3419 1336 3515 Scaliger

300 3517 435 3612 opponi
457 3515 583 3606 debet,
608 3517 668 3611 qui
692 3518 727 3591 in
744 3518 944 3590 Eusebianis
960 3517 1069 3590 Notis
1092 3536 1231 3591 tantum
1256 3522 1336 3592 Sex.

298 3614 401 3690 Ruso
423 3613 567 3701 tribuit,
592 3635 760 3708 quantum
785 3618 845 3689 vix
862 3615 920 3688 ulli
940 3615 1211 3690 Historicorum.
1264 3618 1339 3692 Hic

301 3717 403 3788 nobis
417 3709 467 3785 est
482 3709 588 3782 instar
602 3713 799 3806 ampliffimi
820 3715 970 3800 theatri,
996 3735 1102 3807 quum
1117 3735 1205 3788 vere
1222 3737 1340 3811 repre·

301 3811 411 3884 hendi
434 3829 605 3904 nequeat,
631 3833 735 3905 quem
758 3812 905 3910 Scaliger
922 3811 1134 3888 laudandum
1149 3813 1278 3908 duxit,
1299 3811 1339 3886 dr

301 3909 376 4005 ipse
390 3911 493 4008 saepe
506 3907 673 3987 laudavit.
1231 3959 1236 3964 -

1071 4205 1074 4213 ,
1198 4089 1270 4168 !D.
1286 4087 1340 4164 N.
