2875 4650
500 275 1127 360 DEDICATIONES

296 435 400 510 tione
422 433 573 508 veniret.
598 429 828 520 Semidottis,
854 433 936 532 quid
951 433 1050 510 dico!
1079 437 1319 515 adolescentu-

295 536 361 621 lis,
376 551 475 606 certe
489 533 531 606 iis
542 533 601 630 qui
619 533 740 606 Musas
756 531 986 607 Academicus
999 559 1019 608 a
1030 536 1149 612 limine
1164 537 1315 634 primum

296 633 465 720 salutant,
488 631 548 704 bic
571 653 662 704 ame
684 631 784 704 labor
798 630 974 725 susceptus
992 631 1054 707 est.
1106 635 1241 709 Frustra
1266 639 1316 712 illi

294 730 342 801 ad
365 730 595 801 maximarum
614 751 731 801 rerum
746 731 966 802 numerosam
982 733 1122 826 copiam
1138 757 1208 806 uno
1226 735 1314 808 saltu

294 827 586 918 introducuntur,
609 823 721 903 finon
735 847 819 899 ante
831 827 867 900 in
884 849 1067 920 numerato
1078 831 1231 904 habeant
1245 833 1313 905 Hi·

297 923 426 998 sturiae
446 928 630 1000 Romanae
644 926 788 999 brevem
805 925 911 998 talem
927 924 991 1022 (ut
1009 927 1060 1002 ita
1074 927 1214 1028 dicam)
1230 931 1316 1004 scia·

296 1023 498 1118 graphium,
523 1025 660 1119 qualem
683 1045 788 1096 nemo
814 1023 993 1113 omnium,
1025 1043 1197 1123 quotquot
1218 1028 1317 1116 sunt,

294 1121 458 1208 fuerunt,
484 1123 576 1195 iuter
591 1121 890 1216 Compendiorurn
905 1122 1118 1220 Scriptores,
1141 1125 1315 1218 Eutropio

295 1219 479 1295 meliorent
499 1221 585 1292 dare
606 1221 749 1313 poterit.
804 1218 878 1292 Hic
900 1241 996 1294 certe
1021 1222 1229 1318 Tanaquillo
1253 1225 1317 1295 Fa·

296 1319 384 1407 bro,
401 1316 716 1410 accerrimijudicli
735 1316 834 1405 viro,
849 1318 1058 1394 subscribere
1074 1320 1211 1409 debeo,
1230 1321 1317 1394 Puer

293 1413 378 1510 scere
394 1418 495 1488 multa
517 1417 646 1488 uidetur
664 1413 756 1511 (nec
775 1437 862 1508 puer
874 1433 1035 1506 tantum,
1062 1417 1121 1493 sed
1137 1415 1176 1494 &
1197 1419 1313 1494 adole·

294 1511 394 1587 scens
408 1513 447 1586 dt
462 1515 539 1612 uir)
564 1513 639 1587 dum
649 1515 754 1608 legit,
777 1537 856 1608 quae
871 1513 971 1608 nescit
988 1531 1116 1590 tamen:

342 1712 432 1784 Nam
453 1711 564 1801 uidet,
588 1725 646 1784 aut
670 1709 782 1808 uidtffe
800 1727 899 1810 putat
919 1731 979 1810 per
1002 1709 1276 1790 nubila'Lunam.

291 1908 436 2008 Reliqui
450 1911 570 2005 itaque
578 1908 921 1984 commentatoribus
936 1908 1002 1983 suit
1016 1911 1136 1984 omnia
1151 1911 1314 2008 integra,

294 2009 359 2085 uili
382 2007 443 2083 ubi
464 2007 518 2087 bis
541 2007 636 2081 idem
656 2007 780 2081 iisdem
798 2007 974 2082 diceretur
989 2008 1126 2099 verbis,
1151 2011 1243 2105 quod
1264 2031 1319 2083 re·

294 2108 371 2206 peti
387 2104 527 2180 necesse
541 2107 685 2180 minime
702 2105 792 2193 fuit3
807 2107 863 2179 De
878 2106 1025 2179 Cellario
1040 2105 1154 2181 adhuc
1169 2129 1318 2182 mouere

293 2207 378 2302 quid
394 2206 522 2277 habeo.
570 2203 659 2277 Dixi
679 2204 851 2298 superius,
879 2204 972 2277 illum
991 2203 1043 2278 bit
1064 2205 1101 2277 in
1121 2206 1235 2278 lucem
1254 2203 1320 2278 de·

292 2303 381 2381 dille
395 2301 624 2396 Eutropium,
636 2302 740 2377 Cizae
755 2305 925 2397 primum,
952 2301 1083 2376 deinde
1099 2303 1228 2401 viginti
1244 2300 1318 2379 sive

296 2400 527 2499 undeviginti
540 2402 641 2479 anuis
655 2400 733 2494 post
748 2402 878 2496 Jenae,
904 2423 1006 2499 quam
1023 2402 1224 2478 Editionem
1241 2404 1320 2497 plus

294 2500 403 2576 semel
421 2500 609 2593 repetitam
627 2497 730 2572 fuisse
748 2501 899 2574 maxime
921 2500 958 2573 in
978 2497 1075 2576 usum
1092 2500 1319 2591 Scholarum,

293 2598 426 2695 collegi
439 2622 483 2673 ex
496 2598 601 2671 titulo
615 2599 773 2671 aliarum.
809 2598 849 2670 In
867 2598 992 2671 eadem
1007 2596 1164 2695 editione
1180 2599 1323 2673 Graeca

275 2739 280 2752 o
293 2700 438 2775 Paeonii
453 2720 524 2769 non
541 2720 586 2769 ex
601 2696 894 2773 adversoLatioit
909 2692 1068 2791 oppofita
1084 2698 1182 2787 sunt,
1192 2721 1320 2771 verum

294 2796 442 2875 inferius.
456 2794 631 2889 subjecta,
656 2794 754 2887 cujus
769 2794 819 2867 rei
835 2796 1008 2868 rationem
1022 2794 1082 2867 dat
1100 2795 1265 2869 Cellarius
1283 2798 1322 2870 in

297 2897 409 2972 Nova
423 2892 658 2967 praefatione.
686 2892 727 2965 N
728 2914 767 2965 os
782 2892 920 2966 Graeca
934 2893 1089 2989 separata
1103 2896 1147 2968 ab
1164 2897 1238 2988 ipso
1248 2896 1321 2967 Eu·

297 2994 416 3089 tropio
431 2992 610 3065 dedimut:
625 2988 726 3064 sicuti
740 2992 834 3065 enim
850 2990 946 3064 tecle
962 2992 1006 3064 ab
1022 2990 1149 3067 eodem
1166 2994 1320 3067 Cellario

295 3090 468 3167 studiosae
485 3089 665 3185 juventuti
687 3112 768 3161 cum
787 3088 961 3182 Eutropio
983 3091 1123 3186 elegans
1145 3091 1220 3185 ejus
1236 3092 1321 3165 Me·

296 3186 699 3287 taphtastesplurimum
716 3187 1001 3279 commendatur,
1025 3188 1075 3261 ita
1094 3188 1130 3261 in
1152 3188 1321 3287 tyronum

294 3290 373 3365 usus
390 3286 536 3385 privatis
551 3308 689 3382 quoque
700 3284 929 3361 Lectionibus
944 3285 1071 3360 eodem
1086 3288 1136 3361 uti
1153 3286 1320 3375 decrevi,

296 3410 337 3462 ut
353 3392 403 3461 ita
418 3388 587 3483 juventus
601 3383 697 3458 simul
715 3383 881 3458 adluefiat
903 3385 1062 3459 Graecae
1084 3386 1255 3474 ubertati,
1280 3384 1322 3459 dt

295 3486 477 3561 Historiae
491 3484 694 3568 Romanae,
720 3485 794 3555 imo
809 3482 961 3556 universr
976 3485 1103 3573 Orbis,
1114 3507 1178 3578 pet
1194 3502 1249 3558 tot
1266 3485 1320 3558 se·

297 3587 399 3669 cula,
424 3580 592 3655 facillime
618 3580 767 3654 imbibat
789 3581 967 3654 notitiam.
1018 3585 1175 3677 lngenue
1197 3602 1321 3657 autem

295 3684 402 3758 fateri
418 3679 501 3751 volo
525 3702 583 3751 me
605 3676 740 3774 semper
760 3680 873 3776 prima
887 3680 1023 3753 Cellarii
1043 3680 1203 3754 editione
1222 3680 1323 3753 usum

295 3780 424 3863 fuisse,
457 3776 686 3871 posteriorem
712 3800 800 3851 vero
825 3778 870 3851 ad
895 3801 1015 3852 manus
1038 3800 1133 3853 meas
1157 3777 1323 3869 veniffe,

296 3889 403 3977 qu‘um
417 3877 491 3973 jam
506 3876 550 3947 ad
567 3874 673 3949 finem
689 3878 892 3970 opusculum
906 3877 976 3949 hoc
990 3874 1175 3971 spedlaret.
1207 3876 1324 3953 Nolui

298 3998 418 4057 tamen
438 3972 607 4054 studiosos
622 3975 835 4054 Cellarianae
855 3973 1065 4055 eruditionis
1080 3973 1243 4057 fraudare
1262 3998 1326 4051 au·

1203 4098 1331 4177 guttu-
