2875 4650
127 271 702 358 de*
323 369 332 378 ,
706 279 1162 372 mm

115 355 1159 674 {roaoesmmsoaai

120 809 184 917 n.
209 819 638 952 nunovrco
671 833 715 930 Α
755 829 1150 978 rnnnnnra

132 1031 165 1099 8.
187 1019 457 1108 CUB'ICUU
484 1034 739 1112 CAESARiS
763 1043 1128 1134 PRAEPOSITO,

172 1133 245 1205 ac
263 1133 632 1238 uonnrnornn
658 1144 1083 1236 onnunnnronr,

291 1231 416 1307 ana.
446 1239 836 1314 scnounovrus
865 1247 897 1315 s.
925 1245 972 1314 n.

123 1404 186 1519 *pti
207 1422 208 1425 ’
240 1419 298 1503 κζ
312 1422 371 1476 urn
392 1390 687 1482 administrandae
699 1409 835 1506 reipub.
851 1409 943 1482 ratio
958 1409 1075 1486 omnis
1090 1409 1149 1490 ἔοι

120 1484 145 1559 ⁴·
175 1482 298 1627 {Q
336 1513 376 1578 r'e
398 1507 472 1598 peti
496 1489 604 1581 soleat
627 1527 687 1581 ant
711 1531 732 1582 e
759 1509 959 1605 praeceptis
986 1508 1144 1586 Philoso·
1303 1537 1308 1544 ’

118 1606 155 1724 *ss
177 1616 301 1715 *foi*
333 1599 504 1694 phorum,
530 1611 591 1678 aui
605 1610 647 1680 ab
664 1605 844 1681 Historiae
860 1606 1052 1700 exemplist
1075 1631 1143 1684 noa

121 1706 206 1777 1³4⁸(
219 1732 285 1775 a
336 1699 425 1774 haec
454 1702 618 1776 libentius
641 1727 661 1779 a
680 1705 849 1779 Romanis
869 1705 1034 1798 accipere
1055 1729 1141 1782 con·

112 1811 315 1896 saevimus,
337 1800 428 1894 quod
443 1801 630 1898 imperium
647 1825 767 1876 eorum
783 1826 856 1878 non
873 1801 983 1875 modo
998 1808 1138 1898 amplis·

114 1904 267 1994 fimum,
289 1901 329 1980 &
339 1919 445 1971 rerum
460 1899 632 1997 gestarum
648 1901 891 1996 magnitudine
906 1902 1139 1994 praeclarum,

110 2017 244 2077 verum
267 2004 374 2077 eriam
391 1997 591 2074 melioribus
603 1998 771 2074 institutis
790 1997 829 2074 dt
847 1998 987 2093 legibue
994 2046 1006 2087 ,
1029 2019 1138 2096 quam

109 2123 331 2176 caeterarum
354 2097 553 2186 nationum,
579 2099 812 2196 gubernatum
832 2095 953 2170 suerit.
1004 2098 1055 2171 At
1071 2099 1136 2175 vix

107 2201 261 2298 aliquem
278 2202 316 2275 in
338 2213 437 2270 tanto
460 2197 666 2292 scriptorum
684 2197 762 2293 ejua
775 2197 892 2294 gentis
911 2217 1061 2274 numero
1078 2217 1137 2270 re·

108 2301 227 2395 perire
241 2299 369 2387 lineat,
394 2295 451 2393 qui
467 2293 771 2392 jusiabrevitate‚
795 2318 851 2371 res
866 2311 1003 2369 tantum
1046 2295 1138 2371 obii·
1289 2341 1292 2349 ·

108 2418 165 2474 tas
176 2396 218 2472 dt
232 2398 359 2473 civiles
376 2396 421 2467 ab
437 2394 539 2469 initio
557 2394 818 2489 conscripserit,
843 2393 992 2468 siunum
1038 2408 1133 2471 utto·

105 2498 202 2592 pium
224 2496 411 2590 excipias:
450 2494 510 2589 qui
531 2492 615 2567 iicet
641 2492 775 2588 scripsit
801 2490 989 2587 posterius,
1014 2514 1133 2591 neque
1260 2503 1264 2509 ’

105 2614 222 2669 tamen
237 2597 355 2669 minor
370 2590 589 2687 eloquentia,
613 2586 652 2664 dt
667 2591 803 2687 judicio
817 2592 924 2663 etiam
945 2592 1132 2685 superiori·

104 2694 171 2767 bus
187 2692 257 2766 fuit
271 2690 499 2767 eminentior.
549 2686 654 2790 Quod
672 2712 742 2785 quo
757 2691 873 2763 minus
888 2687 1054 2763 haoieuur
1069 2710 1135 2784 ap·

106 2792 284 2887 paruerit,
307 2792 343 2865 in
356 2791 457 2863 causa
470 2784 537 2859 soit
553 2786 761 2863 deformitas
775 2784 898 2881 ipsius,
915 2808 1021 2883 quam
1035 2786 1134 2863 intu-

103 2889 202 2963 litei
221 2890 342 2963 Paulus
358 2886 547 2969 Diaconos.
597 2886 630 2959 lu
645 2888 759 2975 enim,
777 2886 926 2982 jubente
950 2884 1009 2983 (ut
1023 2902 1130 2961 nota·

103 3004 179 3061 tum
195 2986 368 3083 invenio)
393 2982 552 3059 Domina
572 2982 812 3081 Adilbergha,
837 2980 1012 3058 Defiderii
1028 2984 1129 3061 Lon·

103 3086 338 3185 gobardorum
352 3086 447 3180 regis
464 3080 556 3173 filia,
583 3080 621 3157 dt
639 3082 792 3177 conjuge
813 3082 922 3156 Archi
940 3083 1126 3161 Beneven-

101 3184 173 3258 tani
190 3183 311 3273 ducit,
339 3204 410 3257 non
429 3182 535 3258 solum
553 3180 704 3255 audioria
724 3182 825 3277 hujus
845 3178 1021 3254 historiam
1037 3180 1126 3257 duo·

102 3283 164 3356 bur
186 3284 285 3358 iibrio
305 3285 376 3373 suis
390 3280 576 3377 produxit,
601 3278 661 3352 sed
675 3278 782 3375 ipsam
805 3301 898 3374 pene
917 3301 1057 3377 quoque
1071 3282 1128 3355 in·

100 3380 227 3467 vertit,
251 3382 336 3454 dum
356 3382 468 3453 muita
482 3381 515 3451 ei
534 3379 580 3452 de
601 3376 661 3451 suo
674 3377 831 3467 addidit,
854 3378 1032 3486 muimpue
1048 3380 1124 3472 pus·

99 3476 159 3551 sun
181 3478 339 3569 ademit,
361 3500 424 3553 aut
445 3476 662 3572 transposuit.
713 3475 755 3550 ld
777 3475 870 3573 quod
885 3498 954 3571 ego
973 3498 1054 3549 cunr
1076 3498 1125 3552 ex
1247 3520 1253 3531 .

98 3577 287 3652 collatione
301 3576 522 3675 integerrimi
535 3574 742 3672 exemplario
761 3574 874 3673 (quod
889 3574 1127 3651 subministra·

99 3676 153 3745 vit
176 3676 277 3749 nobie
303 3676 350 3749 1³„
376 3676 424 3747 D.
442 3674 564 3746 Abbaa
582 3695 625 3747 ae
640 3674 858 3771 Praepositua
872 3673 907 3745 S.
925 3672 960 3745 S.
976 3671 1123 3769 Joaunia

101 3768 307 3849 &Bavonir
320 3773 414 3869 apud
426 3770 645 3869 Gaudenser)
671 3768 997 3869 deprehendiffem,
1022 3772 1123 3849 nolui

103 3872 342 3958 committere,
370 3870 455 3968 quin
478 3888 550 3943 tam
573 3871 695 3944 utilem
717 3870 896 3950 notiorem
921 3869 1122 3965 integritati

95 3962 180 4069 suae
196 3968 438 4062 restituerem,
457 3968 708 4113 syncerumpue
729 3972 891 4061 ederem,
913 3986 962 4047 ne
973 3965 1125 4161 ριέίὲιέἓὲ
