2875 4650
267 314 337 383 xx
483 234 1051 373 ruaururro.

265 454 418 544 mudum
437 449 556 537 edidit
569 450 822 557 Eutropium,
851 449 1057 539 nonnullae
1071 464 1296 541 tameutuur

95 636 98 651 r
273 577 353 657 suas
379 588 459 651 tutu
494 566 654 648 aliorum
684 559 919 667 conjeiiurar
950 558 1164 661 breviores,
1189 559 1319 667 quud'

274 677 565 769 Commentario
604 676 751 761 Critito
786 674 990 781 ampliorer
1020 668 1298 772 destinaverat,

217 869 223 879 .
272 792 579 899 reservabatque,
607 786 656 871 ad
677 786 890 898 marginem
910 784 1069 869 notavit
1129 783 1299 870 Hafuiae

274 904 442 1011 ejusdem
470 904 578 1009 hujus
608 900 718 983 seculi
742 924 833 982 uri.
872 897 1044 981 inuium
1074 894 1299 985 Scirolarum

277 1015 465 1106 Nostrum
486 1014 668 1098 recensuit
685 1009 800 1093 Laut.
812 1005 1054 1094 Reinhardus
1075 1009 1128 1092 V.
1138 1008 1198 1093 Cl.
1216 1008 1303 1091 uui·

277 1133 323 1215 lis
345 1126 474 1214 itidem
493 1124 699 1212 Codicibus
724 1122 839 1208 MSS.
867 1124 976 1219 usur,
995 1118 1302 1231 sedpotiffimum

270 1238 377 1327 Edd.
404 1240 571 1340 vineti,
612 1234 809 1345 Sylburgii
839 1259 885 1317 ae
921 1234 1095 1320 Merulae
1127 1232 1303 1342 sequutus

277 1370 508 1548 ρὲτρεωπεᾶ
523 1346 584 1433 sed
606 1346 655 1432 ad
674 1344 940 1541 discigumrum
959 1368 1113 1473 captum
1132 1346 1302 1432 maxime

277 1494 319 1663 ῗο
329 1456 1302 1685 ἨιῗτῃὲὲἰἰᾶῒὸεἰίῗεῗεῑείἒηξῗίῑιῖΙοῗὲῗίἓιῗιςξξεδέἕΐὲ

218 1772 221 1779 .
277 1690 363 1776 satis
393 1684 651 1772 commendat.
719 1682 944 1791 Eodemque
980 1710 1089 1769 anuo
1125 1682 1301 1792 Cuburgi

118 1814 121 1821 ’
279 1800 508 1910 Eutropium
530 1800 570 1882 in
590 1800 712 1881 luceru
736 1790 857 1881 emisit
885 1798 948 1911 Jo.
971 1792 1073 1880 Friti
1103 1794 1306 1881 Gruuerur

279 1915 335 1999 V.
349 1914 409 1999 Ci.
434 1912 523 2023 qui,
549 1906 616 1997 etii
638 1910 719 1994 aliia
738 1932 889 2017 quoque
911 1904 1077 1991 subsidiis
1103 1904 1324 1993 destitutur-

273 2024 379 2129 iuit,
406 2052 519 2135 quam
546 2048 645 2147 quae
665 2020 993 2128 Herercampiaua
1014 2018 1114 2105 Eut.
1143 2017 1304 2119 adtulit,

141 2144 145 2165 '
281 2140 460 2251 egregie,
481 2132 509 2219 ii
527 2138 637 2245 quir,
653 2130 701 2217 de
720 2131 866 2219 Nostro
886 2133 1113 2240 promeritus
1121 2129 1197 2227 est,
1217 2156 1306 2239 per·

278 2254 406 2366 petuis
438 2274 525 2334 eum
554 2242 756 2330 inlustrant
787 2240 1221 2347 Animadversruuibue,
1258 2270 1349 2329 atr

280 2361 500 2473 scriptori,
535 2357 641 2468 quud
668 2359 857 2468 optimum
893 2358 984 2443 milri
1013 2360 1157 2467 semper
1187 2355 1306 2441 risum

274 2473 362 2577 est,
388 2473 450 2558 sua
478 2469 695 2574 restituens,
721 2466 863 2556 etiamst
890 2471 930 2554 in
959 2472 1174 2578 iis·lapsum
1204 2493 1307 2553 nuu-

284 2611 494 2695 numquam
517 2581 851 2686 animadverterit‚
880 2580 983 2666 unde
1000 2583 1143 2690 saepius
1168 2581 1306 2664 eadem

275 2698 508 2809 uccuparit,
533 2721 630 2805 quae
648 2714 759 2794 ante,
786 2721 900 2804 quam
920 2693 962 2778 iu
986 2693 1070 2777 Viri
1088 2691 1308 2780 Dourffimi

271 2811 506 2896 ·Editiunem
524 2807 664 2912 incidi,
691 2809 986 2893 observaveram.
1043 2806 1119 2890 Ubi
1140 2832 1232 2894 vero
1258 2807 1309 2892 ab

274 2925 385 3007 ,illius
404 2919 656 3028 conjecturis,
681 2919 788 3028 quod
815 2919 1014 3030 aliquoties
1042 2915 1207 3024 adcidit,
1234 2917 1312 3006 dir·

275 3031 402 3136 unu,
427 3035 470 3118 id
495 3031 638 3127 modo,
667 3056 746 3138 quo
772 3029 913 3136 decet,
937 3031 1003 3137 qui
1031 3030 1309 3124 humanitatem

283 3143 537 3258 minitentur,
561 3145 719 3245 monui,
748 3143 854 3251 quud
872 3141 1009 3230 eodem
1030 3151 1133 3252 iure,
1161 3169 1241 3253 quo
1267 3145 1310 3229 in

274 3260 449 3346 -Aureiiu
469 3255 626 3344 Vieiore
656 3253 884 3343 recensendo
908 3257 1024 3346 suam.
1038 3254 1206 3345 modeste
1233 3254 1313 3342 dia-

272 3367 709 3470 -sentiendiniibertatem
729 3395 822 3460 ‚nou
848 3367 1115 3478 displicituram
1141 3367 1312 3457 conlide-

277 3485 473 3585 .bati;,rie
493 3483 631 3591 ,inique
663 3480 792 3583 ferat,
817 3483 962 3590 quaem
1020 3479 1142 3587 Quod
1168 3480 1212 3566 &
1228 3483 1313 3571 aliie

272 3596 433 3681 -dietutn
454 3597 569 3697 volo,
594 3595 637 3679 iu
650 3620 815 3702 quorum
835 3594 1055 3679 sententiam
1076 3591 1313 3703 pedibusue

273 3703 316 3810 ‚ii
342 3733 423 3792 nun
442 3707 574 3815 potui,
602 3705 642 3794 id
670 3733 754 3800 uun
782 3710 914 3792 auimo
940 3710 980 3790 iu
1002 3709 1122 3792 ulium
1150 3708 1316 3817 injurio,

272 3819 354 3906 -sed
367 3817 471 3929 quod
496 3819 654 3912 certiore
679 3839 911 3936 argumente
927 3823 1028 3916 secus
1048 3819 1182 3918 sentire
1196 3842 1315 3934 cogr-
1368 3915 1374 3927 ,

267 3939 380 4042 :rer‚'
401 3929 692 4024 uerutum.
846 4019 851 4028 ,
1035 3969 1040 3977 ·
1085 4022 1090 4030 ,
1223 4045 1250 4166 J

267 4105 273 4114 -
721 4085 742 4092 ··
1251 4069 1313 4130 am
