2875 4650
265 291 335 357 xrt
494 265 526 352 P
561 261 600 354 R
637 263 713 353 Aa
749 262 858 375 EA
891 263 992 375 Tr
1028 265 1079 354 0.

267 453 492 520 nrcnnxxv.
529 429 594 518 fol.
623 428 708 542 post
738 429 938 544 Augustae
973 432 1161 520 Historiae
1194 437 1295 523 Scri·
1379 453 1387 463 ‘

126 535 138 556 '
265 569 417 658 ptores,
442 572 464 630 e
489 544 636 658 Legato
660 545 915 630 Perizoniano
935 544 977 627 in
1008 547 1104 632 Bibl.
1131 549 1291 660 Lugdu·

265 685 322 743 no
342 659 428 743 Bat.
456 659 675 741 reservatam
694 657 797 761 vidi,
816 655 864 740 δι’
876 661 1056 743 consului.
1096 661 1290 748 Venetam

224 867 230 880 χ
266 797 401 856 veroa
421 769 520 854 Viro
539 771 595 855 et.
619 791 867 855 memoratam
893 769 960 856 fol.
981 777 1034 856 A.
1058 796 1286 860 rrcnrxxx.

260 883 437 974 invenire
467 909 546 969 non
569 883 706 992 potui,
732 883 793 967 sed
823 881 912 967 alias
943 883 1074 968 itidem
1104 884 1169 971 fol.
1211 889 1289 970 Ve·

265 997 376 1081 netiis
413 994 590 1104 inpressas
639 999 686 1080 A.
723 1019 1006 1080 rrcnrxxxrx.
1046 995 1089 1078 dr
1126 1023 1285 1085 rrcnxc.

264 1107 351 1217 post
371 1103 568 1221 Augustae
589 1105 777 1193 Historiae
796 1111 1033 1216 Scriptores,
1061 1110 1233 1194 Fabricio
1257 1114 1288 1193 i-

264 1239 412 1334 gnotus.
463 1221 576 1325 Quae
602 1240 727 1304 autem
754 1221 988 1323 Circense,
1014 1221 1133 1306 Mich.
1150 1222 1288 1308 Cocciss

263 1337 333 1418 nio
365 1352 545 1434 curante,
576 1337 628 1418 A.
657 1355 768 1416 trux.
804 1331 946 1441 prodiit
967 1347 1022 1438 4⁰.
1051 1339 1170 1418 oculis
1192 1339 1288 1418 meis

256 1448 437 1553 usurpare
478 1471 560 1529 non
596 1446 712 1530 licuit.
774 1445 921 1529 Verum
950 1442 1185 1530 Parisreniem
1215 1477 1287 1557 per

262 1558 392 1644 Nicol.
414 1556 661 1644 Maillardum
694 1578 936 1664 procuratam
962 1563 1015 1641 Α.
1046 1583 1188 1642 rroxrr.
1224 1564 1288 1670 vei

259 1693 362 1760 utut.
392 1668 626 1780 (huncenirn
647 1697 849 1754 numerum
867 1667 1091 1768 Dedicatio‚
1114 1676 1218 1756 illum
1238 1676 1289 1756 iis

262 1783 322 1868 bri
344 1781 504 1868 clausula
526 1781 716 1891 extruet)
731 1802 837 1867 curta
868 1809 950 1864 mea
971 1785 1132 1888 supellex
1152 1788 1288 1890 suppe·

263 1895 411 1983 ditarit.
430 1895 607 1996 Omnes,
625 1920 717 2001 quas
727 1896 907 1978 recensuit
917 1886 1129 1990 Fabricius,
1144 1897 1286 1982 Eutro-

264 2011 370 2117 pium
383 2031 462 2092 non
475 2035 612 2115 purum
630 2005 721 2092 dare
739 2005 1028 2110 redietestatur3
1049 2009 1144 2088 tund
1162 2012 1284 2108 enim,

263 2145 493 2230 quamquam
515 2145 579 2204 eas
598 2145 677 2204 non
701 2118 802 2221 vidi,
822 2119 1058 2203 deitomana
1079 2118 1122 2200 δι
1135 2123 1286 2207 Veneta

263 2237 391 2344 priore
420 2257 469 2318 eo
488 2233 675 2335 conjicere
697 2231 806 2335 licet,
835 2232 937 2340 quod
957 2259 1020 2314 eas
1040 2234 1072 2315 se
1091 2235 1285 2343 sequutum

264 2342 464 2458 profitetur
487 2342 737 2445 Maiilardus',
764 2355 869 2450 cuius
895 2345 1014 2429 editio
1038 2350 1117 2450 pari
1142 2350 1286 2448 modo,

263 2488 310 2547 ac
337 2480 506 2561 ceterae,
533 2460 766 2565 Scriptorenr
798 2457 983 2543 Nostrum
1015 2456 1136 2563 duplo
1167 2469 1286 2561 majo·

262 2600 344 2658 rem
364 2570 527 2655 exhibet.
584 2572 624 2657 A
643 2570 753 2675 Jarro
770 2574 872 2655 enim
891 2576 1014 2681 priam
1033 2572 1177 2656 ltaliae
1196 2600 1289 2681 rege

264 2684 341 2783 dcc.
371 2683 557 2793 incipiunt
579 2708 735 2784 omnes,
765 2682 807 2764 dc
838 2682 974 2788 ubique
1004 2701 1080 2763 tam
1112 2688 1211 2767 varia
1240 2712 1287 2767 ac

264 2797 407 2885 diversa
436 2824 485 2881 err
512 2792 675 2895 Oresio,
704 2797 859 2901 aliisque
889 2797 926 2877 id
956 2822 1079 2904 genus
1100 2796 1287 2902 scriptori·

264 2912 359 3011 bus,
389 2913 504 2993 etiam
534 2934 556 2991 e
583 2908 706 2995 Sacris
736 2907 873 2991 Literis
893 2906 1151 2991 additamenta
1173 2908 1287 2992 inser·

263 3026 395 3125 diunt,
423 3042 463 3105 ut
484 3020 688 3127 Eutropius
707 3020 747 3101 in
767 3022 955 3127 Eutropio
975 3018 1287 3125 quaerendusnt.

264 3138 379 3225 Hanc
399 3134 530 3233 tabem
565 3133 600 3217 ei
631 3131 760 3215 Caroli
789 3132 926 3242 Magni
957 3134 1192 3241 temporibus
1220 3134 1288 3217 ad-

265 3245 391 3355 rpersrt
426 3246 578 3331 Paullus
615 3240 887 3332 Warnefridus
917 3246 1116 3329 Diaconos
1164 3248 1287 3352 Aqui·

265 3356 443 3467 lejenfis,
468 3354 626 3443 testante
654 3357 752 3441 inter
777 3359 872 3441 alios
905 3357 1040 3441 eodem
1079 3356 1287 3442 Maiilardo

263 3476 528 3581 „Hucusque
564 3466 772 3555 Historiam
814 3471 1020 3575 Eutropius
1056 3473 1289 3577 composuit:

263 3648 293 3696 „
321 3590 384 3671 cui
416 3604 544 3669 tamen
574 3581 697 3691 aliqua
730 3583 868 3679 Paulus
896 3583 1096 3666 Diaconos
1118 3582 1288 3675 addidit:

263 3698 475 3805 „jubente
516 3695 689 3783 Domina
728 3694 943 3805 Adilperga
980 3693 1290 3785 Christianiffima

213 3836 225 3857 ··
262 3824 292 3920 ’,,
324 3808 536 3897 Beneventi
565 3806 768 3892 Dudtrice:
795 3816 960 3918 coniuge
979 3808 1145 3891 Domini
1167 3806 1289 3897 Archi

265 3954 297 4035 ,·,
322 3919 576 4035 sapientiffimi
604 3919 812 4033 Principis:
839 3918 884 4024 dr
905 3920 994 4016 ideo
1014 3945 1112 4033 quae
1132 3923 1292 4031 sequun.

1146 4091 1175 4142 rr
1204 4054 1293 4143 tur,
