2875 4650
505 211 1131 310 uuoucnuuouus

302 403 418 463 turam
428 385 719 470 Domitiani‚ubi
736 383 823 460 haec
846 403 987 459 exarata
998 383 1140 462 inveni:
1157 385 1330 484 Eutropii,

299 489 378 563 Vm'
398 483 573 584 Ciuriffimi
591 483 811 582 Historiarum
828 486 866 557 de
885 481 1152 581 praeclariffimis
1167 485 1328 561 Romano·

299 611 372 660 rum
390 583 513 682 gistis,
630 585 773 680 idemque
797 585 949 670 ultimus,
974 607 1045 657 cum
1061 583 1124 655 Dei
1141 585 1325 680 laudesuii·

298 690 384 759 citer
398 686 545 780 explicit.
570 683 726 778 inceptus
743 699 866 756 xxr10.
894 685 990 777 Moji
999 739 1009 766 ,
1033 682 1261 780 expierusfuir
1275 689 1327 758 dia

299 785 415 858 ultimo
438 786 579 880 ejusdem
602 780 749 875 rireustr,¹
761 787 796 854 in
807 779 1062 878 praeclarifflmo
1082 786 1157 854 urie
1171 784 1326 857 Veneriu-

300 906 384 955 rum.
436 880 609 986 Quamvis
631 879 717 954 vero'
734 879 784 954 ibi
804 903 915 953 annus
930 903 999 952 non
1018 881 1255 974 adscribatur,
1276 885 1327 984 ip·

300 981 388 1054 veni
420 1000 540 1054 tamen
573 980 666 1053 inter
699 979 816 1054 Orosri
853 1000 1020 1072 excerpta
1048 979 1177 1052 alieubi
1201 982 1328 1056 adscri-

297 1098 402 1175 ptum
421 1101 551 1153 annum
565 1085 668 1168 1464.
678 1079 801 1153 eadem
814 1100 903 1152 vero
914 1099 1018 1152 manu
1033 1079 1152 1150 omnia
1165 1100 1245 1152 cum
1261 1080 1326 1152 sunt

297 1177 454 1274 scripta,
477 1174 705 1254 vetustiorem
725 1179 768 1252 iis
788 1195 942 1252 aetatem
963 1176 1162 1274 adjudicare
1185 1202 1256 1252 non
1283 1178 1322 1250 li-

300 1297 372 1350 cet.

348 1375 402 1451 Eu
425 1373 624 1470 praecipuis
646 1392 765 1450 autem
789 1374 847 1470 qui
875 1391 957 1448 ante
973 1398 1039 1469 nos
1062 1373 1267 1470 Eutropium
1289 1375 1325 1446 in

298 1475 416 1575 lucem
440 1472 631 1560 dederunt,
656 1472 921 1560 Schonhovius,
946 1475 1100 1548 Vinetus
1122 1473 1159 1547 ἃ
1182 1474 1326 1568 Sylbur·

328 1575 380 1644 ius
404 1573 510 1646 MSS.
545 1573 814 1660 cousuluerunt,
848 1571 1068 1662 Glareanus,
1099 1573 1203 1646 Fabri
1223 1575 1327 1644 Pater

298 1595 340 1742 {u
356 1670 466 1759 Filia,
493 1671 729 1769 Celiariuoque
748 1670 895 1768 ingenio
912 1689 1048 1744 tantum
1065 1668 1114 1745 usu
1130 1671 1217 1744 suut.
1270 1674 1327 1742 ln·

301 1786 357 1842 ter
372 1792 460 1864 quos
475 1771 606 1860 miror,
631 1767 810 1866 quomodo
828 1769 932 1845 Fabri
948 1770 1035 1844 Filia
1052 1771 1156 1842 Anna
1176 1770 1327 1848 scribere

300 1866 338 1940 in
362 1865 588 1940 Praefatione
610 1868 670 1944 sua
696 1867 876 1961 potuerit:
910 1872 944 1941 in
967 1869 1122 1962 Eutropio
1148 1892 1223 1942 uero
1253 1871 1325 1940 nul·

299 1967 368 2040 lum
386 1967 468 2037 mihi
485 1969 644 2041 auxilium
654 1966 752 2064 fuit:
777 1990 865 2040 nemo
880 1971 963 2039 enim
984 1970 1019 2038 in
1034 1968 1117 2040 hunc
1132 1967 1327 2061 Scriptorum

299 2066 425 2160 aliquid
445 2071 619 2140 exorauit.
643 2069 724 2161 quod
744 2067 822 2140 mihi
845 2067 954 2138 uidere
969 2069 1153 2158 contigerit.
1205 2065 1325 2164 Quum

299 2186 373 2238 uon
397 2182 534 2236 tantum
558 2165 698 2239 Cellarii
718 2164 841 2238 Editio
866 2165 1083 2259 aliquantum
1106 2163 1328 2258 praecesserit

298 2261 398 2337 iilam
416 2262 541 2336 Annae
563 2263 792 2353 Editionem,
819 2285 941 2335 verum
969 2261 1093 2353 doiiua
1111 2263 1170 2337 ille
1196 2262 1327 2337 Vineti

298 2362 401 2435 labor
422 2360 459 2433 in
483 2360 563 2457 ipsus
578 2362 750 2457 prodierit
773 2362 917 2449 Galliis,
943 2358 982 2437 &
1002 2363 1127 2437 Notae
1144 2362 1224 2436 dein
1249 2363 1326 2455 plus

300 2458 408 2533 semei
429 2458 496 2533 sunt
516 2461 692 2555 repetitae
715 2464 751 2535 in
774 2461 840 2533 iuis
863 2461 1108 2548 Editionibus,
1132 2484 1220 2559 quae
1243 2484 1326 2534 cum

300 2556 461 2652 ejusdem
489 2557 528 2634 ἃ
551 2558 735 2634 ἀοᾶὶίίΐιωί
758 2560 920 2632 Glareaui
943 2560 1212 2633 Commentariis
1241 2581 1325 2651 pro-

298 2657 452 2731 dierunt.
505 2658 643 2732 Verum
667 2658 770 2733 detur
792 2657 862 2731 hoc
883 2656 1132 2731 eruditiffimae
1148 2654 1327 2743 feminae,

299 2778 392 2851 quae
411 2779 483 2829 non
502 2758 610 2831 modo
636 2757 813 2831 literarum
834 2778 952 2831 amore
977 2780 1098 2829 omnes
1125 2757 1174 2827 sui
1198 2756 1323 2834 saeculi

299 2855 469 2929 mulieres
487 2856 689 2950 praeteriit,
714 2877 838 2929 verum
857 2855 975 2927 multis
992 2858 1099 2929 etiam
1115 2852 1229 2927 donis
1242 2856 1328 2927 viris

300 2954 496 3049 praeluxit,
520 2954 664 3027 unicum
689 2976 787 3027 certe
812 2954 988 3027 muliebris
1009 2958 1109 3027 sexus
1135 2954 1170 3025 in
1196 2953 1345 3027 Literis.

301 3051 580 3126 Humanioribus
598 3054 717 3127 vocari
733 3072 884 3127 meretur
893 3055 1103 3147 exemplum.
1130 3051 1245 3127 Prima
1259 3055 1325 3129 ita·

190 3222 194 3235 ,
302 3174 371 3245 que
382 3150 688 3225 lausSchunhovio
698 3152 866 3239 debetur,
883 3153 943 3247 qui
960 3154 1229 3247 apurgarnentis
1240 3154 1327 3227 Dia·

302 3249 387 3321 coni
403 3271 528 3347 purum
539 3250 854 3351 deditEutropiunr
865 3274 875 3338 ;
888 3250 1271 3345 secundaVineto‚qui
1282 3276 1328 3327 ex

302 3348 437 3419 Codice
446 3348 525 3419 MS.
537 3345 659 3442 insigni
671 3402 681 3433 ‚
692 3349 782 3421 haud
792 3351 913 3442 paucis
928 3350 1013 3421 iocis
1028 3351 1207 3423 meliorem
1220 3351 1325 3436 fecit3

302 3446 444 3517 tertiam
458 3446 606 3535 palmam
620 3470 726 3519 nemo
740 3449 927 3542 praeripiet
943 3449 1138 3545 Glareano,
1163 3450 1262 3545 cujus
1277 3450 1326 3523 sa·

302 3566 349 3615 ne
369 3541 551 3617 doetissimi
574 3546 942 3635 suntCornmentarii,
968 3566 1073 3641 atque
1090 3548 1326 3643 magnojudi·

302 3643 360 3717 cio
373 3662 419 3713 ex
432 3644 528 3725 omni
544 3642 775 3716 Historiarum
792 3668 883 3737 penu
898 3645 1093 3740 depromti:
1119 3646 1247 3735 Anna,
1273 3648 1327 3719 in·

301 3737 525 3833 geniosrsfimi
546 3742 746 3838 Tanaquilii
770 3742 875 3817 Fabri
892 3742 1117 3815 eruditissima
1139 3748 1277 3837 proies,
1301 3744 1327 3819 su

303 3840 515 3909 Glareanum
530 3862 600 3911 non
617 3839 844 3929 haberemus,
873 3840 1032 3915 maximis
1052 3841 1186 3914 meritis
1198 3843 1327 3917 devin-

302 3935 395 4020 §ium
411 3934 474 4011 subi
488 3937 634 4016 haberet
646 3941 853 4039 Eutropium
866 3964 877 4032 ς
891 3940 958 4015 Sed
968 3962 1080 4040 neque
1095 3962 1190 4017 nunc
1201 3944 1327 4040 poeni

1253 4061 1333 4119 teu·
