2875 4650
247 364 319 458 356
415 356 704 433 EUTROPII
753 356 908 433 HIST.
957 352 1103 457 ROM.

237 560 328 611 *tunt
359 532 626 622 transitorium,
665 531 684 583 t
709 535 879 623 Odeum,
915 532 1092 605 Divorum
1129 528 1292 605 Porticus

249 637 260 683 ¹
285 632 420 725 iseum,
445 634 664 728 Serapeum,
690 631 729 707 ἅ
752 634 923 706 Stadium.
974 630 1111 702 Verum
1138 652 1216 701 cutn
1241 632 1289 701 ob

254 725 386 806 scelera
408 728 581 813 universis,
600 730 725 805 exosus
754 730 824 805 effe
854 724 1053 825 coepiffet‚
1086 724 1290 802 interferens

255 828 308 902 est
342 828 480 903 suorum
507 830 753 925 conjuratione
781 832 817 901 in
848 826 1009 923 palatio,
1042 846 1135 899 anno
1165 826 1293 898 aetatis

256 936 283 973 ¹
300 930 415 1001 XLV.
435 928 575 1024 imperii
602 929 880 1025 quintodecimo.
931 926 1048 995 Funus
1072 922 1145 1017 ejus
1169 940 1186 977 ⁰
1208 945 1289 995 cum

255 1029 395 1125 ingenti
415 1024 590 1101 dedecore
618 1052 681 1123 per
706 1042 724 1077 0
742 1024 952 1122 vespillones
976 1042 1224 1118 exportatum,
1249 1018 1289 1095 dt

253 1125 457 1226 ignobiliter
473 1134 492 1183 Ρ
508 1122 559 1199 est
577 1124 762 1223 sepultum.
1233 1128 1238 1133 '

438 1286 675 1353 Vsutns
736 1282 1116 1352 Lscrrouus..

296 1400 315 1455 it
333 1395 467 1456 Diuorum
485 1395 610 1455 Porticus
625 1395 718 1472 Lugd.
738 1398 801 1456 But.
822 1413 848 1455 a.
871 1410 897 1466 5.
925 1394 1035 1455 dustram
1053 1392 1178 1453 Porticus
1194 1396 1290 1471 Lugd.

257 1476 321 1535 Bat.
341 1490 369 1545 4.
390 1474 511 1532 divorum
530 1472 649 1532 Porticus
666 1474 759 1549 Lugd.
779 1476 840 1533 Bat.
864 1488 889 1529 1.
934 1516 942 1531 .
1163 1500 1174 1513 κ

298 1550 308 1607 l
327 1548 408 1627 Istum
426 1570 458 1608 aa
475 1550 615 1625 Serapeum
633 1549 726 1627 Lugd.
745 1552 807 1609 Bar.
832 1566 856 1609 1.
885 1551 970 1607 Tium
986 1566 1017 1606 ac
1036 1544 1175 1621 Serapeum
1191 1546 1288 1621 Lugd.

258 1628 322 1687 Eat.
344 1642 370 1684 2.
392 1625 524 1700 idum...
544 1641 570 1697 3.
591 1643 619 1700 4.
641 1623 678 1697 ff
690 1624 813 1703 studium
833 1642 860 1698 3.
1039 1666 1043 1677 ·

254 1726 266 1735 -·
297 1720 325 1761 nt
342 1698 455 1763 XXXV.
475 1704 507 1761 B.
522 1702 556 1761 L.
573 1703 610 1762 G.
623 1702 655 1762 F.
670 1706 707 1763 V.
728 1702 820 1779 Lugd.
841 1705 903 1762 But.
928 1718 955 1774 4.
978 1714 1002 1773 ς.
1018 1711 1219 1775 ttanponentes
1237 1709 1289 1758 uer.

256 1782 370 1916 ‘nl'ym
386 1780 449 1841 LC.
476 1779 563 1839 etiarn
585 1780 698 1841 XXXV.
729 1780 775 1840 sed
806 1777 1040 1859 superscriptum:
1066 1778 1132 1837 dicit
1150 1776 1290 1836 Suetonius

296 1952 316 1992 n
336 1932 384 1998 ni.
405 1932 502 1992 delent
517 1950 616 2010 praep.
964 1999 984 2015 „

296 2028 316 2069 o
333 2010 385 2069 Bis
398 2014 510 2087 piiiurar
528 2010 620 2086 Lugd.
639 2013 701 2071 Bat.
725 2030 750 2072 1.
770 2002 940 2090 Vespeiiiunet
961 2026 988 2069 a.
1008 2010 1170 2085 bispeiiiones
1192 2022 1218 2080 5.

257 2089 412 2223 sleer.
441 2104 502 2147 uon
529 2088 616 2147 habet
635 2084 688 2165 est,
709 2106 762 2149 nec
790 2089 882 2165 Lugd.
902 2090 964 2147 Bar.
986 2104 1013 2147 2.
1044 2088 1095 2165 qui
1113 2085 1291 2167 corasepuitum.

234 2188 239 2195 ·
278 2176 379 2241 epuns
397 2180 424 2237 4.

623 2238 658 2307 N
695 2260 722 2320 ,o
764 2259 790 2307 r
831 2258 851 2307 n
894 2258 926 2309 s.

258 2343 291 2392 bii
313 2345 383 2403 plura
406 2353 602 2406 enumerantur,
623 2357 756 2405 perperam
794 2345 889 2394 bantur.
915 2345 998 2396 thn.

256 2405 351 2456 addita:
375 2417 401 2454 ut
415 2405 515 2462 Traiani
528 2409 608 2456 fotuns
632 2410 656 2458 ἀ
680 2411 755 2457 'sner-
826 2409 935 2471 Univerfis
951 2410 1025 2469 rufin
1040 2407 1077 2472 effa
1092 2405 1213 2472 amusan]
1227 2405 1291 2456 Vide

257 2482 332 2528 ntae,
347 2481 404 2522 eum
425 2467 546 2524 Traianus
563 2472 672 2520 nondum
698 2473 757 2521 esset
795 2469 890 2520 infidias
926 2471 951 2519 in
977 2475 1041 2520 nnnc
1066 2483 1195 2530 tyrannum
1224 2473 1289 2528 apud

258 2530 506 2591 ininpcnounnr.
529 2531 755 2584 Sicdicebaturae·
794 2535 934 2582 suetonium
968 2537 1033 2583 rirnio
1060 2549 1134 2585 xvtt.
1158 2536 1291 2594 Stephanus

258 2595 393 2651 dificituni,
413 2593 437 2640 in
454 2606 505 2656 quo
523 2597 659 2658 cantores,
674 2599 754 2646 Citha-
793 2595 939 2646 Donniciiiae
961 2610 1126 2658 procurator,
1146 2598 1238 2656 primus
1252 2603 1290 2646 ln·

257 2660 347 2716 medi,
362 2657 682 2709 libicinesexercebautut.
697 2663 754 2709 Oda-
792 2659 927 2718 spinacius
937 2659 1049 2710 suffodit:
1065 2673 1226 2710 occurrerunt
1237 2661 1289 2721 aiii,

258 2724 479 2771 anahaiiieanrar.
494 2721 566 2770 Μ’.
596 2723 754 2785 Mudeorurn,
792 2724 868 2772 itaut
886 2723 980 2782 septem
999 2723 1291 2774 vulneribusconficere·

257 2789 436 2845 poetarumque
444 2785 753 2843 gymnauumzinitanen·
792 2798 854 2846 tut,
877 2797 913 2846 14·
935 2786 1036 2835 Calend.
1064 2787 1153 2836 Odon.
1177 2789 1293 2836 Cadaver

257 2861 308 2897 tum
320 2850 473 2896 Graecorum
488 2850 573 2911 peris,
586 2849 618 2897 de
632 2861 682 2910 quo
698 2852 755 2900 Pia·
793 2847 863 2907 ejus,
878 2847 1001 2908 sandepiia
1018 2861 1064 2908 per
1080 2851 1230 2910 vespiliones
1245 2863 1289 2898 ex·

259 2914 333 2961 trech.
351 2911 377 2960 in
393 2911 496 2958 Pericle.
511 2911 589 2960 Ceut..
794 2922 936 2974 portatum,
960 2913 1049 2970 Phyllis
1066 2915 1146 2963 nutrix
1164 2913 1188 2964 iu
1205 2911 1290 2964 subur-

287 2972 513 3036 Divoranpom‘car]
529 2977 639 3035 spibute.
652 2973 711 3025 iilud
718 2977 754 3025 di·
793 2977 857 3024 bano
875 2973 919 3023 suo
938 2975 1022 3026 Latina
1042 2977 1083 3024 via
1099 2976 1241 3037 superavit,
1253 2975 1293 3025 in·

259 3053 336 3085 utun
352 3050 383 3085 ex
400 3037 467 3086 i'uid.
477 3037 578 3086 addidit.
592 3050 664 3099 pater
674 3039 695 3087 a
705 3040 754 3088 sra-
793 3039 846 3100 quit
860 3038 997 3088 Suetonius.
1012 3040 1096 3088 thn.
1170 3085 1174 3093 ,

259 3112 298 3148 ter
322 3099 449 3158 ugnificsti
471 3100 591 3150 videntur.
612 3103 690 3150 Ceri..
713 3104 754 3152 Ci.
819 3105 912 3148 Sarrana
928 3099 1100 3164 conjuratione]
1115 3102 1291 3162 Oppteiiusest

260 3177 309 3210 van
335 3164 425 3212 Hoven
452 3163 475 3210 dr
502 3165 628 3214 Grunetus
644 3165 757 3213 Diana·
795 3165 931 3214 arnicorunt
943 3165 1136 3223 libertorumque
1148 3166 1291 3218 intimorum

253 3231 354 3288 porticus
360 3226 433 3274 etiarn
441 3227 569 3276 dederunt.
584 3227 657 3275 Certe
667 3241 756 3278 omnes
793 3226 995 3290 conspiratione,
1010 3230 1076 3278 timul
1086 3229 1109 3276 ἀ
1125 3228 1217 3278 uxoris.
1231 3231 1292 3279 Sue·

258 3289 343 3338 Nostri
365 3291 447 3338 codd.
466 3301 499 3338 eo
518 3289 714 3349 spediant3na1n
730 3291 754 3340 iu
793 3301 844 3340 ton.
859 3292 889 3338 Α.
904 3291 931 3340 F.

259 3354 341 3412 primo
357 3364 459 3411 quoque
473 3365 521 3410 pto
538 3353 636 3410 odana,
654 3359 754 3404 tremate
826 3355 893 3401 Anne
918 3351 1023 3419 arteris]
1044 3353 1145 3403 Occisus
1163 3355 1197 3402 est
1219 3369 1295 3409 xtu.

258 3411 755 3473 Havereampmutaverat,Divaraness:
793 3417 847 3466 Kal.
876 3418 1000 3478 septemb.
1025 3429 1089 3465 anuo
1115 3420 1202 3467 aetatis
1229 3433 1293 3472 nuv-

258 3492 284 3528 et
309 3479 364 3527 fere
385 3480 467 3526 Odru-
480 3478 638 3539 delenirem,
652 3493 755 3540 propte·
792 3479 894 3540 imperii
908 3491 949 3528 nv.
970 3479 1082 3528 Cadaver
1100 3479 1152 3536 ejus
1167 3481 1294 3544 ssndapiia

255 3556 319 3602 rea,
334 3555 355 3599 ‘i‘
368 3545 401 3588 rd
417 3542 535 3590 Paeanius
549 3552 663 3592 neutrutu
679 3556 769 3600 agno.
792 3554 839 3602 per
857 3541 1017 3601 vespilliones
1036 3555 1200 3602 exportatum.
1217 3550 1248 3596 Λ.
1264 3549 1292 3599 F.

258 3606 315 3656 scit:
331 3607 356 3653 i..
419 3615 501 3652 tumen
522 3604 547 3654 iu
565 3605 671 3656 Vetussis
692 3607 752 3658 Edu
822 3607 868 3654 Par
883 3605 1025 3668 vespiliones]
1040 3607 1226 3665 snnnapunrios.
1242 3611 1292 3661 Gt..

255 3669 386 3729 reperitur.
402 3669 484 3717 vitun.
568 3715 574 3724 ,
791 3666 839 3728 Qui
862 3668 1000 3718 superandis
1028 3670 1173 3730 corporibus
1197 3675 1293 3724 condu-

288 3733 368 3794 lssma,
382 3747 409 3778 aa
423 3727 568 3792 Serapium]
581 3729 607 3778 id
627 3729 662 3780 est
677 3731 752 3780 Tem·
791 3741 898 3793 runem,
921 3734 953 3780 fic
970 3729 1049 3790 uidit,
1066 3737 1124 3792 quia
1141 3735 1286 3793 respettipo

256 3794 325 3858 prun
346 3795 410 3845 Iridis
428 3795 452 3841 dr
471 3793 602 3854 Templum
619 3795 749 3856 Serapidis.
789 3803 903 3854 temporo
922 3809 952 3846 ea
971 3795 1114 3845 efferebant.
1131 3799 1159 3846 Α.
1175 3797 1201 3848 F.
1342 3819 1349 3828 ·

252 3863 285 3913 Α.
300 3860 325 3907 F.
587 3907 592 3920 ,
819 3857 951 3920 ignobiliter
962 3857 1100 3924 sepultam]
1114 3860 1177 3909 Natu
1201 3861 1294 3920 ruyrus

277 3924 362 3983 Ision,
376 3923 492 3982 Serapam
502 3917 522 3980 .]
537 3917 559 3965 Τ
559 3921 640 3977 eupit
649 3920 673 3970 in
683 3921 750 3974 rudis
760 3917 776 3942 ⁸
788 3922 868 3972 nutrix
886 3923 913 3972 ni
930 3923 1004 3988 cipe
1019 3921 1132 3988 arridere
1148 3921 1226 3991 idedu.
1248 3925 1293 3974 Xi-

254 3987 278 4036 dt
295 3985 418 4044 Serapidis
428 3984 664 4032 honoremtondrta.
676 3986 746 4036 (ἲν-,ιι
780 3985 840 4048 pbri.
856 3985 934 4044 Cur..

280 4046 402 4112 ludim]
415 4049 443 4098 lu
461 4059 510 4107 quo
527 4048 744 4106 athletaaeretce-

1176 4107 1278 4186 EU-
