<?xml version="1.0" encoding="UTF-8"?>
<!DOCTYPE html PUBLIC "-//W3C//DTD XHTML 1.0 Transitional//EN"
    "http://www.w3.org/TR/xhtml1/DTD/xhtml1-transitional.dtd">
<html xmlns="http://www.w3.org/1999/xhtml" xml:lang="en" lang="en">
 <head>
  <title>
</title>
<meta http-equiv="Content-Type" content="text/html;charset=utf-8" />
  <meta name='ocr-system' content='tesseract 3.04.00' />
  <meta name='ocr-capabilities' content='ocr_page ocr_carea ocr_par ocr_line ocrx_word'/>
</head>
<body>
  <div class='ocr_page' id='page_1' title='image "./eutropiibreviar01verhgoog/eutropiibreviar01verhgoog_0086.png"; bbox 0 0 2875 4650; ppageno 0'>
   <div class='ocr_carea' id='block_1_1' title="bbox 260 179 1019 364">
    <p class='ocr_par' dir='ltr' id='par_1_1' title="bbox 260 179 1019 364">
     <span class='ocr_line' id='line_1_1' title="bbox 260 179 1019 364; baseline -0.005 0"><span class='ocrx_word' id='word_1_1' title='bbox 260 298 324 364; x_wconf 74' lang='grc' dir='ltr'><strong>ιτ</strong></span> <span class='ocrx_word' id='word_1_2' title='bbox 371 179 1019 360; x_wconf 57' lang='lat' dir='ltr'><strong>P&#39;liAEFATIONES:</strong></span> 
     </span>
    </p>
   </div>
   <div class='ocr_carea' id='block_1_2' title="bbox 116 431 1160 2286">
    <p class='ocr_par' dir='ltr' id='par_1_2' title="bbox 116 431 1160 2286">
     <span class='ocr_line' id='line_1_2' title="bbox 117 431 1154 540; baseline -0.001 -24"><span class='ocrx_word' id='word_1_3' title='bbox 117 440 298 540; x_wconf 82' lang='lat' dir='ltr'><strong>tipiatur,</strong></span> <span class='ocrx_word' id='word_1_4' title='bbox 310 438 366 536; x_wconf 90' lang='lat' dir='ltr'><strong>qni</strong></span> <span class='ocrx_word' id='word_1_5' title='bbox 383 436 501 535; x_wconf 80' lang='lat' dir='ltr'><strong>ploret</strong></span> <span class='ocrx_word' id='word_1_6' title='bbox 517 452 777 534; x_wconf 74' lang='lat' dir='ltr'><strong>occupaveratt</strong></span> <span class='ocrx_word' id='word_1_7' title='bbox 792 431 958 510; x_wconf 82' lang='lat' dir='ltr'><strong>Graeculi</strong></span> <span class='ocrx_word' id='word_1_8' title='bbox 973 433 1154 535; x_wconf 83' lang='lat' dir='ltr'><strong>cujusdam</strong></span> 
     </span>
     <span class='ocr_line' id='line_1_3' title="bbox 117 531 1155 634; baseline -0.002 -20"><span class='ocrx_word' id='word_1_9' title='bbox 117 534 290 616; x_wconf 87' lang='lat' dir='ltr'><strong>libellum</strong></span> <span class='ocrx_word' id='word_1_10' title='bbox 299 534 453 630; x_wconf 82' lang='lat' dir='ltr'><strong>elle,cui</strong></span> <span class='ocrx_word' id='word_1_11' title='bbox 466 532 749 631; x_wconf 79' lang='lat' dir='ltr'><strong>Larinaadjetta</strong></span> <span class='ocrx_word' id='word_1_12' title='bbox 762 531 806 606; x_wconf 84' lang='lat' dir='ltr'><strong>fit</strong></span> <span class='ocrx_word' id='word_1_13' title='bbox 819 532 955 626; x_wconf 84' lang='lat' dir='ltr'><strong>versio,</strong></span> <span class='ocrx_word' id='word_1_14' title='bbox 979 535 1155 634; x_wconf 86' lang='lat' dir='ltr'><strong>ideoque,</strong></span> 
     </span>
     <span class='ocr_line' id='line_1_4' title="bbox 121 628 1157 722; baseline 0 -10"><span class='ocrx_word' id='word_1_15' title='bbox 121 657 170 712; x_wconf 91' lang='lat' dir='ltr'><strong>ut</strong></span> <span class='ocrx_word' id='word_1_16' title='bbox 186 659 301 712; x_wconf 83' lang='lat' dir='ltr'><strong>moret</strong></span> <span class='ocrx_word' id='word_1_17' title='bbox 317 637 394 711; x_wconf 87' lang='lat' dir='ltr'><strong>sunt</strong></span> <span class='ocrx_word' id='word_1_18' title='bbox 413 633 569 721; x_wconf 86' lang='lat' dir='ltr'><strong>saeculi,</strong></span> <span class='ocrx_word' id='word_1_19' title='bbox 590 630 734 708; x_wconf 74' lang='lat' dir='ltr'><strong>minoris</strong></span> <span class='ocrx_word' id='word_1_20' title='bbox 752 628 974 722; x_wconf 84' lang='lat' dir='ltr'><strong>faciendum,</strong></span> <span class='ocrx_word' id='word_1_21' title='bbox 998 654 1059 710; x_wconf 89' lang='lat' dir='ltr'><strong>aut</strong></span> <span class='ocrx_word' id='word_1_22' title='bbox 1072 659 1157 712; x_wconf 86' lang='lat' dir='ltr'><strong>cum</strong></span> 
     </span>
     <span class='ocr_line' id='line_1_5' title="bbox 126 731 1158 829; baseline -0.001 -21"><span class='ocrx_word' id='word_1_23' title='bbox 126 738 219 810; x_wconf 80' lang='lat' dir='ltr'><strong>alliis</strong></span> <span class='ocrx_word' id='word_1_24' title='bbox 235 735 403 823; x_wconf 84' lang='lat' dir='ltr'><strong>Graecis,</strong></span> <span class='ocrx_word' id='word_1_25' title='bbox 429 753 469 808; x_wconf 86' lang='lat' dir='ltr'><strong>ut</strong></span> <span class='ocrx_word' id='word_1_26' title='bbox 488 731 568 808; x_wconf 89' lang='lat' dir='ltr'><strong>lieri</strong></span> <span class='ocrx_word' id='word_1_27' title='bbox 582 731 639 806; x_wconf 88' lang='lat' dir='ltr'><strong>hir</strong></span> <span class='ocrx_word' id='word_1_28' title='bbox 651 731 871 829; x_wconf 71' lang='lat' dir='ltr'>temporibus</span> <span class='ocrx_word' id='word_1_29' title='bbox 890 733 998 824; x_wconf 90' lang='lat' dir='ltr'><strong>solet,</strong></span> <span class='ocrx_word' id='word_1_30' title='bbox 1024 753 1064 806; x_wconf 91' lang='lat' dir='ltr'><strong>ut</strong></span> <span class='ocrx_word' id='word_1_31' title='bbox 1079 734 1158 808; x_wconf 89' lang='lat' dir='ltr'><strong>inu·</strong></span> 
     </span>
     <span class='ocr_line' id='line_1_6' title="bbox 128 826 1157 928; baseline -0.002 -19"><span class='ocrx_word' id='word_1_32' title='bbox 128 835 242 922; x_wconf 84' lang='lat' dir='ltr'><strong>rilem,</strong></span> <span class='ocrx_word' id='word_1_33' title='bbox 255 830 635 928; x_wconf 83' lang='lat' dir='ltr'><strong>praetermittendum,</strong></span> <span class='ocrx_word' id='word_1_34' title='bbox 658 826 858 927; x_wconf 87' lang='lat' dir='ltr'><strong>quianostti</strong></span> <span class='ocrx_word' id='word_1_35' title='bbox 874 828 1034 906; x_wconf 84' lang='lat' dir='ltr'><strong>homines</strong></span> <span class='ocrx_word' id='word_1_36' title='bbox 1048 831 1157 906; x_wconf 83' lang='lat' dir='ltr'><strong>libro·</strong></span> 
     </span>
     <span class='ocr_line' id='line_1_7' title="bbox 123 923 1160 1029; baseline 0 -23"><span class='ocrx_word' id='word_1_37' title='bbox 123 953 196 1006; x_wconf 87' lang='lat' dir='ltr'><strong>rum</strong></span> <span class='ocrx_word' id='word_1_38' title='bbox 215 933 424 1020; x_wconf 85' lang='lat' dir='ltr'><strong>vilitatem,</strong></span> <span class='ocrx_word' id='word_1_39' title='bbox 446 923 501 1005; x_wconf 81' lang='lat' dir='ltr'><strong>rel</strong></span> <span class='ocrx_word' id='word_1_40' title='bbox 523 927 793 1026; x_wconf 86' lang='lat' dir='ltr'><strong>praestantiam,</strong></span> <span class='ocrx_word' id='word_1_41' title='bbox 818 947 864 1002; x_wconf 84' lang='lat' dir='ltr'><strong>ex</strong></span> <span class='ocrx_word' id='word_1_42' title='bbox 881 927 941 1002; x_wconf 91' lang='lat' dir='ltr'><strong>sua</strong></span> <span class='ocrx_word' id='word_1_43' title='bbox 957 931 1160 1029; x_wconf 80' lang='lat' dir='ltr'>ignorantia</span> 
     </span>
     <span class='ocr_line' id='line_1_8' title="bbox 119 1023 1156 1134; baseline 0.001 -30"><span class='ocrx_word' id='word_1_44' title='bbox 119 1031 333 1104; x_wconf 88' lang='lat' dir='ltr'><strong>metiuntur.</strong></span> <span class='ocrx_word' id='word_1_45' title='bbox 385 1027 666 1134; x_wconf 82' lang='lat' dir='ltr'><strong>Quotusquisque</strong></span> <span class='ocrx_word' id='word_1_46' title='bbox 687 1028 786 1101; x_wconf 91' lang='lat' dir='ltr'><strong>enim</strong></span> <span class='ocrx_word' id='word_1_47' title='bbox 808 1023 881 1119; x_wconf 87' lang='lat' dir='ltr'><strong>est,</strong></span> <span class='ocrx_word' id='word_1_48' title='bbox 906 1028 967 1122; x_wconf 91' lang='lat' dir='ltr'><strong>qui</strong></span> <span class='ocrx_word' id='word_1_49' title='bbox 990 1027 1156 1128; x_wconf 83' lang='lat' dir='ltr'><strong>Eutropii</strong></span> 
     </span>
     <span class='ocr_line' id='line_1_9' title="bbox 116 1124 1157 1222; baseline -0.003 -19"><span class='ocrx_word' id='word_1_50' title='bbox 116 1129 315 1217; x_wconf 85' lang='lat' dir='ltr'><strong>notitiam,</strong></span> <span class='ocrx_word' id='word_1_51' title='bbox 340 1149 417 1204; x_wconf 87' lang='lat' dir='ltr'><strong>nou</strong></span> <span class='ocrx_word' id='word_1_52' title='bbox 437 1126 520 1204; x_wconf 92' lang='lat' dir='ltr'><strong>dico</strong></span> <span class='ocrx_word' id='word_1_53' title='bbox 545 1127 666 1216; x_wconf 88' lang='lat' dir='ltr'><strong>usum,</strong></span> <span class='ocrx_word' id='word_1_54' title='bbox 689 1124 870 1213; x_wconf 79' lang='lat' dir='ltr'><strong>habuerit,</strong></span> <span class='ocrx_word' id='word_1_55' title='bbox 897 1147 1005 1222; x_wconf 92' lang='lat' dir='ltr'><strong>quum</strong></span> <span class='ocrx_word' id='word_1_56' title='bbox 1028 1149 1073 1201; x_wconf 92' lang='lat' dir='ltr'><strong>eo</strong></span> <span class='ocrx_word' id='word_1_57' title='bbox 1100 1150 1157 1202; x_wconf 83' lang='lat' dir='ltr'><strong>rer</strong></span> 
     </span>
     <span class='ocr_line' id='line_1_10' title="bbox 116 1222 1157 1320; baseline -0.001 -20"><span class='ocrx_word' id='word_1_58' title='bbox 116 1225 275 1302; x_wconf 65' lang='lat' dir='ltr'><strong>dedaste</strong></span> <span class='ocrx_word' id='word_1_59' title='bbox 292 1223 339 1300; x_wconf 88' lang='lat' dir='ltr'><strong>lit</strong></span> <span class='ocrx_word' id='word_1_60' title='bbox 352 1227 541 1315; x_wconf 85' lang='lat' dir='ltr'><strong>litteraria,</strong></span> <span class='ocrx_word' id='word_1_61' title='bbox 564 1243 603 1298; x_wconf 93' lang='lat' dir='ltr'><strong>ut</strong></span> <span class='ocrx_word' id='word_1_62' title='bbox 619 1223 861 1320; x_wconf 87' lang='lat' dir='ltr'><strong>plerarumque</strong></span> <span class='ocrx_word' id='word_1_63' title='bbox 874 1222 1072 1299; x_wconf 85' lang='lat' dir='ltr'><strong>scholarum</strong></span> <span class='ocrx_word' id='word_1_64' title='bbox 1087 1224 1157 1300; x_wconf 87' lang='lat' dir='ltr'><strong>stu·</strong></span> 
     </span>
     <span class='ocr_line' id='line_1_11' title="bbox 117 1319 1158 1414; baseline 0 -16"><span class='ocrx_word' id='word_1_65' title='bbox 117 1324 202 1414; x_wconf 87' lang='lat' dir='ltr'><strong>dia,</strong></span> <span class='ocrx_word' id='word_1_66' title='bbox 226 1327 340 1401; x_wconf 88' lang='lat' dir='ltr'><strong>etiam</strong></span> <span class='ocrx_word' id='word_1_67' title='bbox 359 1323 632 1400; x_wconf 87' lang='lat' dir='ltr'><strong>numerosrorum</strong></span> <span class='ocrx_word' id='word_1_68' title='bbox 643 1373 658 1413; x_wconf 92' lang='lat'><strong>,</strong></span> <span class='ocrx_word' id='word_1_69' title='bbox 682 1323 747 1396; x_wconf 85' lang='lat' dir='ltr'><strong>vix</strong></span> <span class='ocrx_word' id='word_1_70' title='bbox 768 1323 858 1395; x_wconf 89' lang='lat' dir='ltr'><strong>ultra</strong></span> <span class='ocrx_word' id='word_1_71' title='bbox 878 1323 1034 1398; x_wconf 84' lang='lat' dir='ltr'><strong>cornicar</strong></span> <span class='ocrx_word' id='word_1_72' title='bbox 1055 1319 1158 1398; x_wconf 85' lang='lat' dir='ltr'><strong>sabu-</strong></span> 
     </span>
     <span class='ocr_line' id='line_1_12' title="bbox 116 1417 1159 1514; baseline 0.001 -17"><span class='ocrx_word' id='word_1_73' title='bbox 116 1423 262 1498; x_wconf 79' lang='lat' dir='ltr'><strong>labulat</strong></span> <span class='ocrx_word' id='word_1_74' title='bbox 281 1423 323 1498; x_wconf 74' lang='lat' dir='ltr'><strong>dr</strong></span> <span class='ocrx_word' id='word_1_75' title='bbox 347 1424 535 1500; x_wconf 72' lang='lat' dir='ltr'><strong>Ciceronis</strong></span> <span class='ocrx_word' id='word_1_76' title='bbox 559 1421 742 1496; x_wconf 87' lang='lat' dir='ltr'><strong>nonnullas</strong></span> <span class='ocrx_word' id='word_1_77' title='bbox 761 1417 946 1514; x_wconf 83' lang='lat' dir='ltr'><strong>epistolar,</strong></span> <span class='ocrx_word' id='word_1_78' title='bbox 978 1419 1038 1497; x_wconf 87' lang='lat' dir='ltr'><strong>sed</strong></span> <span class='ocrx_word' id='word_1_79' title='bbox 1061 1422 1159 1498; x_wconf 88' lang='lat' dir='ltr'><strong>male</strong></span> 
     </span>
     <span class='ocr_line' id='line_1_13' title="bbox 119 1517 1157 1616; baseline -0.001 -19"><span class='ocrx_word' id='word_1_80' title='bbox 119 1521 357 1610; x_wconf 65' lang='lat' dir='ltr'><strong>intelleEtm</strong></span> <span class='ocrx_word' id='word_1_81' title='bbox 388 1539 451 1598; x_wconf 88' lang='lat' dir='ltr'><strong>aut</strong></span> <span class='ocrx_word' id='word_1_82' title='bbox 473 1517 499 1594; x_wconf 86' lang='lat' dir='ltr'><strong>fi</strong></span> <span class='ocrx_word' id='word_1_83' title='bbox 518 1520 688 1596; x_wconf 83' lang='lat' dir='ltr'><strong>industria</strong></span> <span class='ocrx_word' id='word_1_84' title='bbox 711 1517 877 1607; x_wconf 79' lang='lat' dir='ltr'><strong>accedat,</strong></span> <span class='ocrx_word' id='word_1_85' title='bbox 901 1518 946 1592; x_wconf 88' lang='lat' dir='ltr'><strong>ad</strong></span> <span class='ocrx_word' id='word_1_86' title='bbox 968 1519 1157 1616; x_wconf 83' lang='lat' dir='ltr'><strong>Nepotem</strong></span> 
     </span>
     <span class='ocr_line' id='line_1_14' title="bbox 120 1615 1157 1719; baseline -0.004 -23"><span class='ocrx_word' id='word_1_87' title='bbox 120 1622 383 1719; x_wconf 87' lang='lat' dir='ltr'><strong>Curtiumque,</strong></span> <span class='ocrx_word' id='word_1_88' title='bbox 410 1615 530 1696; x_wconf 83' lang='lat' dir='ltr'><strong>sed&amp;</strong></span> <span class='ocrx_word' id='word_1_89' title='bbox 553 1618 616 1694; x_wconf 86' lang='lat' dir='ltr'><strong>hot</strong></span> <span class='ocrx_word' id='word_1_90' title='bbox 637 1639 700 1713; x_wconf 89' lang='lat' dir='ltr'><strong>per</strong></span> <span class='ocrx_word' id='word_1_91' title='bbox 717 1617 936 1691; x_wconf 82' lang='lat' dir='ltr'><strong>transennam</strong></span> <span class='ocrx_word' id='word_1_92' title='bbox 958 1617 1157 1712; x_wconf 76' lang='lat' dir='ltr'><strong>inspelior,</strong></span> 
     </span>
     <span class='ocr_line' id='line_1_15' title="bbox 120 1714 1156 1818; baseline -0.002 -24"><span class='ocrx_word' id='word_1_93' title='bbox 120 1719 391 1818; x_wconf 83' lang='lat' dir='ltr'><strong>provehantur:</strong></span> <span class='ocrx_word' id='word_1_94' title='bbox 414 1717 604 1793; x_wconf 79' lang='lat' dir='ltr'><strong>Paeonium</strong></span> <span class='ocrx_word' id='word_1_95' title='bbox 629 1738 714 1791; x_wconf 87' lang='lat' dir='ltr'><strong>vero</strong></span> <span class='ocrx_word' id='word_1_96' title='bbox 737 1716 799 1790; x_wconf 83' lang='lat' dir='ltr'><strong>via</strong></span> <span class='ocrx_word' id='word_1_97' title='bbox 820 1737 909 1790; x_wconf 87' lang='lat' dir='ltr'><strong>unus</strong></span> <span class='ocrx_word' id='word_1_98' title='bbox 933 1714 1073 1794; x_wconf 83' lang='lat' dir='ltr'><strong>&amp;alter</strong></span> <span class='ocrx_word' id='word_1_99' title='bbox 1093 1741 1156 1792; x_wconf 89' lang='lat' dir='ltr'><strong>co·</strong></span> 
     </span>
     <span class='ocr_line' id='line_1_16' title="bbox 123 1812 1153 1914; baseline 0 -24"><span class='ocrx_word' id='word_1_100' title='bbox 123 1818 283 1914; x_wconf 67' lang='lat' dir='ltr'><strong>quovit,</strong></span> <span class='ocrx_word' id='word_1_101' title='bbox 309 1817 455 1912; x_wconf 88' lang='lat' dir='ltr'><strong>apleris</strong></span> <span class='ocrx_word' id='word_1_102' title='bbox 472 1840 516 1888; x_wconf 90' lang='lat' dir='ltr'><strong>ue</strong></span> <span class='ocrx_word' id='word_1_103' title='bbox 536 1817 571 1890; x_wconf 93' lang='lat' dir='ltr'><strong>in</strong></span> <span class='ocrx_word' id='word_1_104' title='bbox 585 1812 741 1889; x_wconf 83' lang='lat' dir='ltr'><strong>obscuris</strong></span> <span class='ocrx_word' id='word_1_105' title='bbox 757 1813 959 1887; x_wconf 90' lang='lat' dir='ltr'><strong>nominibus</strong></span> <span class='ocrx_word' id='word_1_106' title='bbox 973 1813 1153 1891; x_wconf 84' lang='lat' dir='ltr'><strong>inauditis·</strong></span> 
     </span>
     <span class='ocr_line' id='line_1_17' title="bbox 126 1841 1155 2016; baseline 0.001 -29"><span class='ocrx_word' id='word_1_107' title='bbox 126 1937 201 2008; x_wconf 91' lang='lat' dir='ltr'><strong>que</strong></span> <span class='ocrx_word' id='word_1_108' title='bbox 218 1913 392 1990; x_wconf 74' lang='lat' dir='ltr'><strong>renuam.</strong></span> <span class='ocrx_word' id='word_1_109' title='bbox 440 1841 546 2016; x_wconf 48' lang='lat' dir='ltr'><strong>guod</strong></span> <span class='ocrx_word' id='word_1_110' title='bbox 564 1912 704 2010; x_wconf 87' lang='lat' dir='ltr'><strong>quidem</strong></span> <span class='ocrx_word' id='word_1_111' title='bbox 721 1933 791 1986; x_wconf 91' lang='lat' dir='ltr'><strong>non</strong></span> <span class='ocrx_word' id='word_1_112' title='bbox 809 1912 1000 1987; x_wconf 87' lang='lat' dir='ltr'><strong>admodum</strong></span> <span class='ocrx_word' id='word_1_113' title='bbox 1020 1912 1155 1989; x_wconf 87' lang='lat' dir='ltr'><strong>inado-</strong></span> 
     </span>
     <span class='ocr_line' id='line_1_18' title="bbox 127 2009 1154 2106; baseline 0 -21"><span class='ocrx_word' id='word_1_114' title='bbox 127 2010 349 2088; x_wconf 84' lang='lat' dir='ltr'><strong>lesceutibur</strong></span> <span class='ocrx_word' id='word_1_115' title='bbox 370 2011 554 2103; x_wconf 88' lang='lat' dir='ltr'><strong>miramur,</strong></span> <span class='ocrx_word' id='word_1_116' title='bbox 578 2011 627 2086; x_wconf 87' lang='lat' dir='ltr'><strong>ita</strong></span> <span class='ocrx_word' id='word_1_117' title='bbox 648 2009 815 2086; x_wconf 83' lang='lat' dir='ltr'><strong>institutis</strong></span> <span class='ocrx_word' id='word_1_118' title='bbox 838 2009 1042 2106; x_wconf 84' lang='lat' dir='ltr'><strong>amagillrit</strong></span> <span class='ocrx_word' id='word_1_119' title='bbox 1062 2011 1154 2103; x_wconf 79' lang='lat' dir='ltr'><strong>suis,</strong></span> 
     </span>
     <span class='ocr_line' id='line_1_19' title="bbox 126 2105 1154 2205; baseline 0.001 -21"><span class='ocrx_word' id='word_1_120' title='bbox 126 2129 170 2184; x_wconf 88' lang='lat' dir='ltr'><strong>ut</strong></span> <span class='ocrx_word' id='word_1_121' title='bbox 189 2113 324 2188; x_wconf 83' lang='lat' dir='ltr'><strong>arulam</strong></span> <span class='ocrx_word' id='word_1_122' title='bbox 347 2110 559 2188; x_wconf 87' lang='lat' dir='ltr'><strong>Graecorum</strong></span> <span class='ocrx_word' id='word_1_123' title='bbox 573 2109 850 2205; x_wconf 85' lang='lat' dir='ltr'><strong>Latinorumque</strong></span> <span class='ocrx_word' id='word_1_124' title='bbox 863 2105 1042 2185; x_wconf 77' lang='lat' dir='ltr'><strong>antrorum</strong></span> <span class='ocrx_word' id='word_1_125' title='bbox 1060 2114 1154 2192; x_wconf 82' lang='lat' dir='ltr'><strong>uoti·</strong></span> 
     </span>
     <span class='ocr_line' id='line_1_20' title="bbox 125 2207 1153 2286; baseline 0.002 -6"><span class='ocrx_word' id='word_1_126' title='bbox 125 2208 215 2284; x_wconf 87' lang='lat' dir='ltr'><strong>tiam</strong></span> <span class='ocrx_word' id='word_1_127' title='bbox 231 2209 270 2284; x_wconf 90' lang='lat' dir='ltr'><strong>in</strong></span> <span class='ocrx_word' id='word_1_128' title='bbox 295 2208 510 2286; x_wconf 81' lang='lat' dir='ltr'><strong>Academiae</strong></span> <span class='ocrx_word' id='word_1_129' title='bbox 524 2207 695 2282; x_wconf 80' lang='lat' dir='ltr'><strong>adferant.</strong></span> <span class='ocrx_word' id='word_1_130' title='bbox 747 2208 816 2281; x_wconf 88' lang='lat' dir='ltr'><strong>Sed</strong></span> <span class='ocrx_word' id='word_1_131' title='bbox 832 2208 917 2282; x_wconf 90' lang='lat' dir='ltr'><strong>alibi</strong></span> <span class='ocrx_word' id='word_1_132' title='bbox 932 2210 1030 2281; x_wconf 91' lang='lat' dir='ltr'><strong>locus</strong></span> <span class='ocrx_word' id='word_1_133' title='bbox 1050 2209 1153 2282; x_wconf 87' lang='lat' dir='ltr'><strong>nobis</strong></span> 
     </span>
    </p>
   </div>
   <div class='ocr_carea' id='block_1_3' title="bbox 124 2305 1153 2406">
    <p class='ocr_par' dir='ltr' id='par_1_3' title="bbox 124 2305 1153 2406">
     <span class='ocr_line' id='line_1_21' title="bbox 124 2305 1153 2406; baseline 0.002 -23"><span class='ocrx_word' id='word_1_134' title='bbox 124 2308 164 2383; x_wconf 77' lang='lat' dir='ltr'><strong>dt</strong></span> <span class='ocrx_word' id='word_1_135' title='bbox 176 2332 324 2406; x_wconf 76' lang='lat' dir='ltr'><strong>campus</strong></span> <span class='ocrx_word' id='word_1_136' title='bbox 336 2310 512 2403; x_wconf 86' lang='lat' dir='ltr'><strong>aperietur</strong></span> <span class='ocrx_word' id='word_1_137' title='bbox 524 2305 568 2381; x_wconf 88' lang='lat' dir='ltr'><strong>de</strong></span> <span class='ocrx_word' id='word_1_138' title='bbox 584 2307 779 2382; x_wconf 88' lang='lat' dir='ltr'><strong>litterarum</strong></span> <span class='ocrx_word' id='word_1_139' title='bbox 793 2307 995 2382; x_wconf 85' lang='lat' dir='ltr'><strong>calamitate</strong></span> <span class='ocrx_word' id='word_1_140' title='bbox 1008 2309 1153 2403; x_wconf 89' lang='lat' dir='ltr'><strong>publice</strong></span> 
     </span>
    </p>
   </div>
   <div class='ocr_carea' id='block_1_4' title="bbox 123 2403 1153 2773">
    <p class='ocr_par' dir='ltr' id='par_1_4' title="bbox 123 2403 1153 2773">
     <span class='ocr_line' id='line_1_22' title="bbox 123 2403 1153 2505; baseline 0.002 -25"><span class='ocrx_word' id='word_1_141' title='bbox 123 2406 378 2503; x_wconf 88' lang='lat' dir='ltr'><strong>conquerendi.</strong></span> <span class='ocrx_word' id='word_1_142' title='bbox 430 2408 508 2505; x_wconf 83' lang='lat' dir='ltr'><strong>Jarn</strong></span> <span class='ocrx_word' id='word_1_143' title='bbox 529 2404 706 2502; x_wconf 89' lang='lat' dir='ltr'><strong>proposrto</strong></span> <span class='ocrx_word' id='word_1_144' title='bbox 730 2403 911 2494; x_wconf 82' lang='lat' dir='ltr'><strong>insrstenr,</strong></span> <span class='ocrx_word' id='word_1_145' title='bbox 941 2406 1153 2502; x_wconf 84' lang='lat' dir='ltr'><strong>Eutropium</strong></span> 
     </span>
     <span class='ocr_line' id='line_1_23' title="bbox 126 2501 1152 2601; baseline 0.002 -22"><span class='ocrx_word' id='word_1_146' title='bbox 126 2506 367 2597; x_wconf 86' lang='lat' dir='ltr'><strong>commendo,</strong></span> <span class='ocrx_word' id='word_1_147' title='bbox 390 2530 460 2581; x_wconf 90' lang='lat' dir='ltr'><strong>uon</strong></span> <span class='ocrx_word' id='word_1_148' title='bbox 476 2504 905 2601; x_wconf 86' lang='lat' dir='ltr'><strong>antiquiffimum.quidem</strong></span> <span class='ocrx_word' id='word_1_149' title='bbox 921 2501 1152 2599; x_wconf 78' lang='lat' dir='ltr'><strong>scriptorem,</strong></span> 
     </span>
     <span class='ocr_line' id='line_1_24' title="bbox 124 2604 1152 2773; baseline 0.004 -98"><span class='ocrx_word' id='word_1_150' title='bbox 124 2625 162 2675; x_wconf 90' lang='lat' dir='ltr'><strong>at</strong></span> <span class='ocrx_word' id='word_1_151' title='bbox 186 2624 372 2679; x_wconf 79' lang='lat' dir='ltr'><strong>ettamen</strong></span> <span class='ocrx_word' id='word_1_152' title='bbox 396 2606 615 2693; x_wconf 87' lang='lat' dir='ltr'><strong>Latinitate,</strong></span> <span class='ocrx_word' id='word_1_153' title='bbox 639 2628 729 2773; x_wconf 78' lang='lat' dir='ltr'><strong>qqae</strong></span> <span class='ocrx_word' id='word_1_154' title='bbox 753 2604 936 2697; x_wconf 72' lang='lat' dir='ltr'><strong>augendae</strong></span> <span class='ocrx_word' id='word_1_155' title='bbox 960 2605 1152 2679; x_wconf 89' lang='lat' dir='ltr'><strong>eruditioni</strong></span> 
     </span>
    </p>
   </div>
   <div class='ocr_carea' id='block_1_5' title="bbox 111 2698 1214 4171">
    <p class='ocr_par' dir='ltr' id='par_1_5' title="bbox 111 2698 1214 4123">
     <span class='ocr_line' id='line_1_25' title="bbox 125 2698 1151 2797; baseline 0 -22"><span class='ocrx_word' id='word_1_156' title='bbox 125 2700 191 2788; x_wconf 84' lang='lat' dir='ltr'><strong>fit,</strong></span> <span class='ocrx_word' id='word_1_157' title='bbox 214 2724 330 2797; x_wconf 85' lang='lat' dir='ltr'><strong>oeque</strong></span> <span class='ocrx_word' id='word_1_158' title='bbox 350 2726 449 2777; x_wconf 84' lang='lat' dir='ltr'><strong>aurea</strong></span> <span class='ocrx_word' id='word_1_159' title='bbox 472 2705 529 2781; x_wconf 89' lang='lat' dir='ltr'><strong>vel</strong></span> <span class='ocrx_word' id='word_1_160' title='bbox 547 2700 641 2775; x_wconf 76' lang='lat' dir='ltr'><strong>dour</strong></span> <span class='ocrx_word' id='word_1_161' title='bbox 680 2722 754 2774; x_wconf 81' lang='lat' dir='ltr'><strong>mas</strong></span> <span class='ocrx_word' id='word_1_162' title='bbox 775 2698 961 2789; x_wconf 88' lang='lat' dir='ltr'><strong>offendat,</strong></span> <span class='ocrx_word' id='word_1_163' title='bbox 985 2700 1077 2796; x_wconf 89' lang='lat' dir='ltr'><strong>quod</strong></span> <span class='ocrx_word' id='word_1_164' title='bbox 1097 2701 1151 2777; x_wconf 90' lang='lat' dir='ltr'><strong>ui-</strong></span> 
     </span>
     <span class='ocr_line' id='line_1_26' title="bbox 127 2796 1152 2896; baseline 0.006 -25"><span class='ocrx_word' id='word_1_165' title='bbox 127 2798 180 2872; x_wconf 88' lang='lat' dir='ltr'><strong>hil</strong></span> <span class='ocrx_word' id='word_1_166' title='bbox 204 2798 338 2875; x_wconf 86' lang='lat' dir='ltr'><strong>ostendi</strong></span> <span class='ocrx_word' id='word_1_167' title='bbox 356 2800 450 2876; x_wconf 89' lang='lat' dir='ltr'><strong>l&#39;orte</strong></span> <span class='ocrx_word' id='word_1_168' title='bbox 463 2799 602 2895; x_wconf 85' lang='lat' dir='ltr'><strong>potest,</strong></span> <span class='ocrx_word' id='word_1_169' title='bbox 627 2800 718 2896; x_wconf 88' lang='lat' dir='ltr'><strong>quod</strong></span> <span class='ocrx_word' id='word_1_170' title='bbox 734 2822 803 2873; x_wconf 88' lang='lat' dir='ltr'><strong>non</strong></span> <span class='ocrx_word' id='word_1_171' title='bbox 828 2796 923 2871; x_wconf 83' lang='lat' dir='ltr'><strong>idem</strong></span> <span class='ocrx_word' id='word_1_172' title='bbox 942 2819 987 2871; x_wconf 86' lang='lat' dir='ltr'><strong>err</strong></span> <span class='ocrx_word' id='word_1_173' title='bbox 1004 2800 1152 2894; x_wconf 84' lang='lat' dir='ltr'><strong>Trajani</strong></span> 
     </span>
     <span class='ocr_line' id='line_1_27' title="bbox 123 2897 1150 2995; baseline 0.006 -26"><span class='ocrx_word' id='word_1_174' title='bbox 123 2898 267 2971; x_wconf 84' lang='lat' dir='ltr'><strong>meliori</strong></span> <span class='ocrx_word' id='word_1_175' title='bbox 282 2920 370 2972; x_wconf 84' lang='lat' dir='ltr'><strong>aevo</strong></span> <span class='ocrx_word' id='word_1_176' title='bbox 385 2900 645 2994; x_wconf 88' lang='lat' dir='ltr'><strong>comprobetur.</strong></span> <span class='ocrx_word' id='word_1_177' title='bbox 673 2900 708 2971; x_wconf 88' lang='lat' dir='ltr'><strong>Si</strong></span> <span class='ocrx_word' id='word_1_178' title='bbox 725 2918 815 2990; x_wconf 86' lang='lat' dir='ltr'><strong>quae</strong></span> <span class='ocrx_word' id='word_1_179' title='bbox 833 2897 973 2992; x_wconf 87' lang='lat' dir='ltr'><strong>propria</strong></span> <span class='ocrx_word' id='word_1_180' title='bbox 987 2898 1064 2995; x_wconf 75' lang='lat' dir='ltr'><strong>ejus</strong></span> <span class='ocrx_word' id='word_1_181' title='bbox 1079 2902 1150 2975; x_wconf 85' lang='lat' dir='ltr'><strong>sae·</strong></span> 
     </span>
     <span class='ocr_line' id='line_1_28' title="bbox 122 2992 1214 3095; baseline 0.001 -24"><span class='ocrx_word' id='word_1_182' title='bbox 122 2997 219 3087; x_wconf 89' lang='lat' dir='ltr'><strong>culi,</strong></span> <span class='ocrx_word' id='word_1_183' title='bbox 245 3020 316 3093; x_wconf 93' lang='lat' dir='ltr'><strong>quo</strong></span> <span class='ocrx_word' id='word_1_184' title='bbox 331 2994 482 3095; x_wconf 75' lang='lat' dir='ltr'><strong>scripsit,</strong></span> <span class='ocrx_word' id='word_1_185' title='bbox 499 2995 650 3070; x_wconf 90' lang='lat' dir='ltr'><strong>inveniri</strong></span> <span class='ocrx_word' id='word_1_186' title='bbox 667 2992 825 3093; x_wconf 79' lang='lat' dir='ltr'><strong>possunt,</strong></span> <span class='ocrx_word' id='word_1_187' title='bbox 850 3018 941 3091; x_wconf 87' lang='lat' dir='ltr'><strong>quae</strong></span> <span class='ocrx_word' id='word_1_188' title='bbox 958 2996 1149 3071; x_wconf 88' lang='lat' dir='ltr'><strong>tameuad·</strong></span> <span class='ocrx_word' id='word_1_189' title='bbox 1204 3004 1214 3019; x_wconf 61' lang='lat'>⁸</span> 
     </span>
     <span class='ocr_line' id='line_1_29' title="bbox 122 3092 1149 3190; baseline 0.003 -22"><span class='ocrx_word' id='word_1_190' title='bbox 122 3096 270 3169; x_wconf 90' lang='lat' dir='ltr'><strong>modurn</strong></span> <span class='ocrx_word' id='word_1_191' title='bbox 288 3118 366 3169; x_wconf 87' lang='lat' dir='ltr'><strong>rara</strong></span> <span class='ocrx_word' id='word_1_192' title='bbox 384 3114 471 3190; x_wconf 91' lang='lat' dir='ltr'><strong>puto</strong></span> <span class='ocrx_word' id='word_1_193' title='bbox 494 3092 585 3183; x_wconf 80' lang='lat' dir='ltr'><strong>elle3</strong></span> <span class='ocrx_word' id='word_1_194' title='bbox 611 3114 679 3167; x_wconf 89' lang='lat' dir='ltr'><strong>non</strong></span> <span class='ocrx_word' id='word_1_195' title='bbox 696 3092 766 3167; x_wconf 84' lang='lat' dir='ltr'><strong>stne</strong></span> <span class='ocrx_word' id='word_1_196' title='bbox 784 3096 939 3168; x_wconf 84' lang='lat' dir='ltr'><strong>censoria</strong></span> <span class='ocrx_word' id='word_1_197' title='bbox 957 3114 1063 3184; x_wconf 89' lang='lat' dir='ltr'><strong>nota,</strong></span> <span class='ocrx_word' id='word_1_198' title='bbox 1086 3116 1149 3171; x_wconf 87' lang='lat' dir='ltr'><strong>aut</strong></span> 
     </span>
     <span class='ocr_line' id='line_1_30' title="bbox 120 3192 1150 3289; baseline 0.002 -22"><span class='ocrx_word' id='word_1_199' title='bbox 120 3196 352 3268; x_wconf 82' lang='lat' dir='ltr'><strong>excusatione</strong></span> <span class='ocrx_word' id='word_1_200' title='bbox 375 3195 615 3277; x_wconf 87' lang='lat' dir='ltr'><strong>dimittuntur,</strong></span> <span class='ocrx_word' id='word_1_201' title='bbox 641 3210 679 3264; x_wconf 92' lang='lat' dir='ltr'><strong>ut</strong></span> <span class='ocrx_word' id='word_1_202' title='bbox 694 3214 762 3265; x_wconf 83' lang='lat' dir='ltr'><strong>nec</strong></span> <span class='ocrx_word' id='word_1_203' title='bbox 777 3192 860 3265; x_wconf 90' lang='lat' dir='ltr'><strong>inde</strong></span> <span class='ocrx_word' id='word_1_204' title='bbox 876 3193 1065 3289; x_wconf 86' lang='lat' dir='ltr'><strong>quidquam</strong></span> <span class='ocrx_word' id='word_1_205' title='bbox 1087 3192 1150 3285; x_wconf 87' lang='lat' dir='ltr'><strong>lit,</strong></span> 
     </span>
     <span class='ocr_line' id='line_1_31' title="bbox 120 3289 1150 3387; baseline 0.003 -22"><span class='ocrx_word' id='word_1_206' title='bbox 120 3294 214 3387; x_wconf 87' lang='lat' dir='ltr'><strong>quod</strong></span> <span class='ocrx_word' id='word_1_207' title='bbox 229 3292 307 3367; x_wconf 89' lang='lat' dir='ltr'><strong>stilo</strong></span> <span class='ocrx_word' id='word_1_208' title='bbox 326 3312 390 3365; x_wconf 89' lang='lat' dir='ltr'><strong>tuo</strong></span> <span class='ocrx_word' id='word_1_209' title='bbox 405 3292 539 3367; x_wconf 83' lang='lat' dir='ltr'><strong>timeas.</strong></span> <span class='ocrx_word' id='word_1_210' title='bbox 589 3292 647 3365; x_wconf 92' lang='lat' dir='ltr'><strong>De</strong></span> <span class='ocrx_word' id='word_1_211' title='bbox 663 3312 779 3364; x_wconf 91' lang='lat' dir='ltr'><strong>rerum</strong></span> <span class='ocrx_word' id='word_1_212' title='bbox 797 3307 918 3364; x_wconf 86' lang='lat' dir='ltr'><strong>autern.</strong></span> <span class='ocrx_word' id='word_1_213' title='bbox 930 3291 1017 3364; x_wconf 88' lang='lat' dir='ltr'><strong>serie</strong></span> <span class='ocrx_word' id='word_1_214' title='bbox 1032 3289 1070 3367; x_wconf 76' lang='lat' dir='ltr'><strong>dr</strong></span> <span class='ocrx_word' id='word_1_215' title='bbox 1084 3316 1150 3386; x_wconf 89' lang='lat' dir='ltr'><strong>per</strong></span> 
     </span>
     <span class='ocr_line' id='line_1_32' title="bbox 119 3388 1148 3486; baseline -0.001 -18"><span class='ocrx_word' id='word_1_216' title='bbox 119 3392 262 3468; x_wconf 80' lang='lat' dir='ltr'><strong>saecula</strong></span> <span class='ocrx_word' id='word_1_217' title='bbox 276 3388 484 3465; x_wconf 86' lang='lat' dir='ltr'><strong>decurfione</strong></span> <span class='ocrx_word' id='word_1_218' title='bbox 495 3412 565 3463; x_wconf 91' lang='lat' dir='ltr'><strong>non</strong></span> <span class='ocrx_word' id='word_1_219' title='bbox 582 3390 683 3485; x_wconf 85' lang='lat' dir='ltr'><strong>piget</strong></span> <span class='ocrx_word' id='word_1_220' title='bbox 696 3412 756 3461; x_wconf 86' lang='lat' dir='ltr'><strong>me</strong></span> <span class='ocrx_word' id='word_1_221' title='bbox 771 3408 952 3485; x_wconf 87' lang='lat' dir='ltr'><strong>repetere,</strong></span> <span class='ocrx_word' id='word_1_222' title='bbox 965 3389 1061 3486; x_wconf 91' lang='lat' dir='ltr'><strong>quod</strong></span> <span class='ocrx_word' id='word_1_223' title='bbox 1071 3392 1148 3467; x_wconf 82' lang='lat' dir='ltr'><strong>Ad·</strong></span> 
     </span>
     <span class='ocr_line' id='line_1_33' title="bbox 119 3486 1148 3584; baseline 0.001 -19"><span class='ocrx_word' id='word_1_224' title='bbox 119 3490 303 3565; x_wconf 86' lang='lat' dir='ltr'><strong>locutione</strong></span> <span class='ocrx_word' id='word_1_225' title='bbox 318 3488 414 3567; x_wconf 81' lang='lat' dir='ltr'><strong>dixi:</strong></span> <span class='ocrx_word' id='word_1_226' title='bbox 440 3489 500 3584; x_wconf 90' lang='lat' dir='ltr'><strong>qui</strong></span> <span class='ocrx_word' id='word_1_227' title='bbox 514 3512 594 3563; x_wconf 87' lang='lat' dir='ltr'><strong>cunr</strong></span> <span class='ocrx_word' id='word_1_228' title='bbox 611 3486 780 3579; x_wconf 82' lang='lat' dir='ltr'><strong>Eutropio</strong></span> <span class='ocrx_word' id='word_1_229' title='bbox 797 3486 951 3562; x_wconf 89' lang='lat' dir='ltr'><strong>conserti</strong></span> <span class='ocrx_word' id='word_1_230' title='bbox 967 3486 1089 3582; x_wconf 87' lang='lat' dir='ltr'><strong>pollit,</strong></span> <span class='ocrx_word' id='word_1_231' title='bbox 1102 3513 1148 3566; x_wconf 88' lang='lat' dir='ltr'><strong>ne</strong></span> 
     </span>
     <span class='ocr_line' id='line_1_34' title="bbox 118 3584 1155 3688; baseline 0.003 -27"><span class='ocrx_word' id='word_1_232' title='bbox 118 3587 235 3663; x_wconf 90' lang='lat' dir='ltr'><strong>dicam</strong></span> <span class='ocrx_word' id='word_1_233' title='bbox 254 3586 448 3686; x_wconf 78' lang='lat' dir='ltr'><strong>anteponi3</strong></span> <span class='ocrx_word' id='word_1_234' title='bbox 471 3588 592 3661; x_wconf 89' lang='lat' dir='ltr'><strong>haberi</strong></span> <span class='ocrx_word' id='word_1_235' title='bbox 607 3586 642 3659; x_wconf 91' lang='lat' dir='ltr'><strong>irr</strong></span> <span class='ocrx_word' id='word_1_236' title='bbox 657 3584 794 3659; x_wconf 76' lang='lat' dir='ltr'><strong>Latinis</strong></span> <span class='ocrx_word' id='word_1_237' title='bbox 810 3586 1001 3659; x_wconf 89' lang='lat' dir='ltr'><strong>neminem.</strong></span> <span class='ocrx_word' id='word_1_238' title='bbox 1028 3585 1155 3688; x_wconf 16' lang='lat' dir='ltr'><strong>Quem,</strong></span> 
     </span>
     <span class='ocr_line' id='line_1_35' title="bbox 119 3684 1149 3873; baseline 0.005 -17"><span class='ocrx_word' id='word_1_239' title='bbox 119 3684 1149 3873; x_wconf 57' lang='lat' dir='ltr'><strong>stlt³tls2l³dlzlffltlllall‘l&#39;ltltldd</strong></span> 
     </span>
     <span class='ocr_line' id='line_1_36' title="bbox 116 3808 1149 3979; baseline 0 -22"><span class='ocrx_word' id='word_1_240' title='bbox 116 3883 274 3979; x_wconf 83' lang='lat' dir='ltr'><strong>longior,</strong></span> <span class='ocrx_word' id='word_1_241' title='bbox 299 3876 497 3977; x_wconf 85' lang='lat' dir='ltr'><strong>saepiffime</strong></span> <span class='ocrx_word' id='word_1_242' title='bbox 511 3881 673 3975; x_wconf 88' lang='lat' dir='ltr'><strong>Eutropii</strong></span> <span class='ocrx_word' id='word_1_243' title='bbox 692 3878 770 3953; x_wconf 79' lang='lat' dir='ltr'><strong>usus</strong></span> <span class='ocrx_word' id='word_1_244' title='bbox 787 3881 905 3955; x_wconf 76' lang='lat' dir='ltr'><strong>verbio</strong></span> <span class='ocrx_word' id='word_1_245' title='bbox 920 3878 982 3973; x_wconf 88' lang='lat' dir='ltr'><strong>lit,</strong></span> <span class='ocrx_word' id='word_1_246' title='bbox 997 3808 1149 3979; x_wconf 54' lang='lat' dir='ltr'><strong>quidde</strong></span> 
     </span>
     <span class='ocr_line' id='line_1_37' title="bbox 111 3976 1151 4123; baseline -0.001 -62"><span class='ocrx_word' id='word_1_247' title='bbox 111 3980 240 4061; x_wconf 80' lang='lat' dir='ltr'><strong>Paullo</strong></span> <span class='ocrx_word' id='word_1_248' title='bbox 260 3982 376 4061; x_wconf 85' lang='lat' dir='ltr'><strong>etiam</strong></span> <span class='ocrx_word' id='word_1_249' title='bbox 399 3976 543 4076; x_wconf 87' lang='lat' dir='ltr'><strong>Orolio,</strong></span> <span class='ocrx_word' id='word_1_250' title='bbox 564 3976 766 4123; x_wconf 52' lang='lat' dir='ltr'><strong>Augulqiqo</strong></span> <span class='ocrx_word' id='word_1_251' title='bbox 783 3978 945 4078; x_wconf 82' lang='lat' dir='ltr'><strong>aequali,</strong></span> <span class='ocrx_word' id='word_1_252' title='bbox 968 3977 1151 4060; x_wconf 80' lang='lat' dir='ltr'><strong>&amp;aliirid</strong></span> 
     </span>
    </p>

    <p class='ocr_par' dir='ltr' id='par_1_6' title="bbox 764 4096 1148 4171">
     <span class='ocr_line' id='line_1_38' title="bbox 764 4096 1148 4171; baseline 0.003 -18"><span class='ocrx_word' id='word_1_253' title='bbox 764 4098 789 4171; x_wconf 77' lang='lat'><em>5</em></span> <span class='ocrx_word' id='word_1_254' title='bbox 1056 4096 1148 4154; x_wconf 90' lang='lat' dir='ltr'><strong>tem·</strong></span> 
     </span>
    </p>
   </div>
   <div class='ocr_carea' id='block_1_6' title="bbox 0 0 1442 4650">
    <p class='ocr_par' dir='ltr' id='par_1_7' title="bbox 0 0 1442 4650">
     <span class='ocr_line' id='line_1_39' title="bbox 0 0 1442 4650; baseline 0 5"><span class='ocrx_word' id='word_1_255' title='bbox 0 0 1442 4650; x_wconf 95' lang='lat' dir='ltr'><strong> </strong></span> 
     </span>
    </p>
   </div>
  </div>
 </body>
</html>
