2875 4650
246 231 1003 326 :rrurrrrrroure

22 424 24 449 ³
101 401 263 482 tandem
276 398 348 477 esse
357 395 466 554 {rodit
480 395 716 496 quamobrem
731 391 906 476 curriculo
923 399 970 478 ad
984 399 1146 492 chunna,

104 522 187 580 tem
206 520 368 582 marram.

159 603 286 690 Deio,
303 599 442 696 quoties
457 610 610 694 reputo,
633 593 732 670 srme
749 591 806 671 isti
822 596 1063 695 perdiderint,
1088 599 1151 680 Te

105 701 207 776 mihi
226 698 416 774 carendum
430 695 524 786 effe,
547 695 611 770 ah!
636 693 802 786 srscirer,
824 715 917 774 totus
932 717 1083 793 repente
1099 701 1149 776 ab

109 796 369 974 auguiIcVusirBZd
385 795 560 971 ddqddi'm
580 792 757 870 verticem
780 793 996 872 eohorresco
1017 799 1151 894 miser,

168 921 205 970 ιιι
261 921 299 971 ιο
351 918 377 968 ιι
450 920 463 969 ι
523 917 579 968 co.
688 945 692 951 -

152 996 279 1069 Addas
298 995 373 1069 hoc
389 920 530 1094 qddque
545 991 650 1067 ticet:
677 992 716 1068 si
737 991 832 1070 vivit
846 994 965 1070 locum
989 993 1146 1087 dedero,

105 1093 143 1168 id
160 1095 306 1192 negotii
329 1092 476 1190 manfigi
498 1113 573 1166 nou
592 1091 745 1186 poterit,
768 1093 853 1191 quin
878 1093 996 1168 damni
1016 1095 1148 1193 aliquid

102 1216 161 1267 rer
174 1211 240 1266 tua
254 1193 440 1289 patiacum
464 1193 562 1266 Nam
582 1207 742 1266 veterem
758 1191 927 1283 clientem
947 1189 989 1266 dt
1003 1193 1149 1288 pienum

102 1290 196 1366 fidei
217 1289 394 1365 amiseris.
450 1293 505 1364 At
531 1289 663 1384 nequid
690 1293 840 1364 omnino
861 1290 1058 1385 deperdas,
1081 1293 1149 1368 rui·

103 1390 166 1480 hi,
193 1409 234 1465 ot
252 1389 314 1490 jur
337 1385 380 1465 dt
405 1386 462 1465 {ar
479 1385 676 1490 postulent,
700 1387 832 1466 summa
848 1389 968 1466 cautio
989 1387 1060 1466 esse
1083 1389 1147 1467 de·

105 1491 182 1566 bet.
397 1491 406 1507 '
1077 1511 1079 1516 ·

156 1585 260 1660 Tum
287 1586 361 1662 hoc
386 1583 481 1686 (erit
502 1603 619 1660 autem
641 1584 770 1679 opinor
795 1607 917 1684 quarta
940 1587 1056 1691 ratio)
1083 1613 1147 1666 oc·

104 1687 219 1760 currit
244 1709 403 1784 quoque.
454 1684 571 1792 Quam
591 1682 678 1758 mihi
701 1683 847 1774 durum,
873 1691 1012 1780 dirum,
1037 1709 1075 1762 at
1100 1713 1147 1764 ue

106 1802 215 1860 atrox
228 1785 321 1859 illud
334 1784 408 1874 est,
430 1803 469 1856 ut
482 1807 589 1881 quem
613 1784 905 1858 lmusmusmus
929 1713 1143 1862 Prttrsqso·

106 1883 233 1971 verit,
257 1907 365 1980 quem
380 1881 656 1979 elegantiffimit,
670 1879 921 1957 animosrffimis
936 1905 979 1956 ac
996 1886 1147 1962 Latinis·

109 1979 216 2054 simis
229 1979 388 2076 epistolia
400 1984 498 2076 saepe
513 1978 774 2067 cohonestarit,
794 2002 878 2054 eum
898 2005 956 2054 me
972 1983 1079 2056 talem
1095 1987 1145 2058 lu·

112 2079 168 2153 tei
196 2079 389 2168 homiues,
414 2077 542 2154 soenea
568 2080 705 2174 capita,
732 2077 791 2152 Te
811 2077 931 2169 vivo,
966 2081 1145 2176 perditum

111 2177 220 2250 eant!
245 2180 314 2252 Hie
336 2177 371 2251 se
395 2177 484 2253 mihi
506 2197 686 2268 tutorem,
711 2199 756 2252 ac
777 2173 998 2263 defensorem
1021 2183 1146 2278 sponte

115 2274 154 2351 dt
169 2277 267 2351 uitro
283 2277 435 2367 obtulit,
459 2273 519 2367 dr,
542 2276 656 2374 quoad
675 2275 789 2368 vixit,
814 2275 977 2371 promissa
1002 2279 1145 2375 praesti·

115 2378 171 2450 tit.
225 2377 327 2452 Idem
342 2375 382 2451 dr
402 2375 449 2450 de
468 2395 527 2464 te,
550 2378 630 2450 Vm
651 2375 954 2468 Ittutrmssmr,
979 2380 1085 2453 nullis
1103 2380 1144 2455 li·

117 2497 179 2549 cet
202 2476 293 2550 meis
315 2477 354 2549 in
378 2474 436 2548 Te
454 2474 608 2564 meritis,
631 2471 740 2547 ausim
757 2478 916 2567 sperare3
941 2476 1020 2550 Imo
1034 2476 1094 2571 dt,
1118 2477 1145 2555 fi

118 2578 255 2649 teuovi
278 2572 382 2662 satis,
405 2572 557 2647 fidenter
570 2570 727 2668 dejerem
745 2569 919 2662 futurum,
944 2594 983 2649 ut
1002 2600 1061 2649 me
1080 2578 1143 2652 ad·

113 2676 232 2771 juret.
257 2672 319 2747 ubi
336 2695 379 2746 ea
393 2672 520 2769 legerit
536 2694 624 2766 quae
638 2672 833 2747 communie
848 2668 913 2746 iste
927 2674 1059 2747 amicur
1079 2696 1144 2747 no·

119 2770 195 2845 ster
214 2770 303 2843 Tibi
321 2771 356 2843 iu
371 2792 495 2846 martur
515 2768 701 2843 traditurus
717 2768 790 2843 est:
817 2791 933 2865 neque
954 2772 1050 2847 enim
1066 2774 1145 2847 bar·

117 2870 260 2945 bariem
280 2868 448 2943 sorensem
464 2868 640 2943 Latinitas
658 2867 776 2941 nostra
793 2868 967 2945 admittit.

167 2966 256 3070 Quo
270 2985 462 3041 meantem
482 2967 619 3041 facilius
637 2988 682 3039 ex
706 2968 803 3041 Orco
821 2968 985 3047 reducem
1009 2968 1146 3064 facias,

114 3066 215 3141 ineo
234 3087 312 3139 tota
331 3091 385 3139 res
398 3064 512 3161 posita
527 3066 598 3152 est,
622 3062 647 3137 st
667 3065 711 3139 ad
726 3064 976 3141 ordinatorem
995 3071 1143 3147 Provin-

115 3167 192 3238 ciae
219 3166 415 3254 scribatur,
438 3184 479 3237 uc
503 3162 678 3238 clariffimi
702 3164 852 3239 Vrctutr
877 3164 1065 3243 decessoris
1092 3166 1158 3245 suiv

115 3264 268 3351 Atium,
293 3262 377 3365 Quo
392 3264 480 3337 mihi
495 3282 657 3348 caverat,
681 3259 719 3335 dr
733 3261 887 3357 quietem
903 3264 1145 3339 securitatem·

115 3386 184 3461 que
201 3360 396 3436 studiorum
412 3383 572 3436 meorum
590 3362 807 3454 respexerat,
833 3360 903 3437 effe
927 3384 985 3437 me
1006 3364 1144 3439 Vetero-

111 3488 186 3537 num
201 3462 337 3548 sciens,
362 3482 460 3535 nova
475 3458 684 3536 auctoritate
701 3458 900 3535 confirmet.
953 3462 1010 3537 De
1036 3462 1143 3537 Ordi-

114 3558 245 3635 nature
255 3580 400 3651 autem,
426 3556 512 3631 srcut
528 3558 655 3647 audio,
678 3555 774 3631 fama
788 3556 969 3635 bellissima
986 3558 1056 3650 est3
1080 3562 1143 3661 qui

116 3665 208 3737 enim
224 3657 263 3734 dr
278 3660 315 3735 in
331 3658 436 3733 Urbe
450 3659 549 3750 sunt,
571 3654 735 3751 &quiin
753 3656 957 3746 Provincia,
982 3660 1009 3735 ii
1021 3682 1146 3737 omnes

117 3780 185 3833 uuo
209 3783 271 3835 ore
294 3757 554 3846 consentiunt,
584 3754 657 3834 esse
675 3756 773 3831 ilium
795 3778 868 3832 ιιοιι
886 3756 1042 3857 justitiae
1065 3778 1145 3837 tan·

119 3874 211 3947 tum,
232 3856 291 3933 sed
305 3855 348 3935 dt
369 3854 561 3950 aequitatis
577 3852 864 3933 amantiffimum:
879 3858 984 3933 unde
1007 3856 1048 3935 dr
1068 3882 1145 3945 rna·

100 3958 295 4167 ffissmihi
315 3960 403 4058 sper
426 3951 477 4031 est
500 3951 603 4052 sore,
624 3970 666 4036 ut
687 3950 739 4035 ad
759 3954 860 4035 illum
879 3956 998 4038 aditur
1019 3976 1148 4151 peregit
1211 4005 1215 4019 .
