2875 4650
255 293 310 364 ιτ
357 279 998 364 PRAEFATIONES.

117 448 194 522 lam
217 457 392 538 parentam
419 435 619 511 nostrorum
645 437 869 532 amicitiam,
900 439 961 536 qui
985 439 1145 524 invicem

122 540 304 640 plurimum
325 535 362 612 oz
387 554 552 612 amarunt
573 535 613 610 ur
632 537 829 614 coluerunt.
881 540 964 614 Nos
982 565 1072 616 vero
1093 545 1144 619 ob

126 640 307 715 studiorum
328 634 532 710 nostrorum
555 634 774 710 ueceffitates
800 640 959 714 locorum
979 637 1144 718 distantia

131 739 265 832 separati
293 736 422 811 sumus.
474 737 572 808 lnter
598 735 748 829 majores
770 754 879 825 tuos,
910 738 970 835 qui
995 741 1144 814 Batonis

125 837 267 913 officium
293 835 416 910 multis
436 837 538 908 annis
565 833 602 908 in
627 834 776 909 civitate
802 834 945 928 nostra,
970 838 1145 914 Claronae

123 959 194 1010 turn
208 935 312 1010 laude
330 933 581 1008 obtinuerunt:
605 933 707 1008 Avus
721 936 841 1008 hercle
857 953 935 1007 tuus
952 939 1043 1032 patri
1059 961 1143 1012 meo

120 1033 415 1131 conjunctiffimus
433 1029 513 1104 luit.
564 1033 691 1106 Parent
714 1034 933 1108 Clementiae
952 1055 1033 1109 tuae
1053 1038 1143 1111 adeo

116 1135 198 1206 mibi
210 1131 359 1207 intimus
374 1129 464 1220 fuit,
479 1147 521 1202 ut
532 1129 644 1204 nullus
652 1153 886 1228 cognatorum
894 1133 1018 1229 magis.
1029 1134 1144 1237 Quip-

115 1255 160 1325 pe
181 1233 261 1328 qui,
285 1252 502 1329 quamquam
523 1250 603 1326 ‘ego
628 1229 663 1304 in
685 1231 879 1328 longinqua
899 1235 1068 1323 natione,
1091 1232 1144 1306 se·

114 1350 213 1403 entus
237 1331 421 1405 literarum
443 1325 577 1418 studia,
599 1329 775 1418 versarer,
801 1329 938 1424 semper
961 1348 1080 1405 tamen
1104 1332 1146 1404 li·
1227 1369 1235 1381 ··

115 1431 195 1504 teris
210 1427 277 1502 suit
293 1425 539 1502 amantiffimis
558 1427 734 1516 inviserit,
758 1447 798 1500 ut
821 1451 876 1503 res
897 1429 1036 1523 patriae
1055 1451 1144 1502 nun·
1196 1490 1200 1502 .
1285 1521 1290 1531 ν

114 1549 212 1622 quam
230 1551 289 1603 me
310 1526 425 1600 etiarn
445 1523 538 1620 apud
553 1542 695 1600 exteros
716 1526 874 1601 laterent.
909 1527 978 1602 Vir
993 1545 1069 1602 erat
1083 1551 1144 1623 pa·

111 1647 188 1700 reus
206 1645 286 1700 tuus
306 1627 474 1702 omnium
492 1623 654 1698 horarum
673 1624 797 1698 homo:
824 1627 928 1701 rebus
946 1625 1043 1700 seriis
1061 1650 1143 1723 gra·

113 1725 186 1811 nis,
211 1744 392 1815 maturus,
416 1721 617 1797 verendus:
643 1723 744 1798 laetis
764 1722 1031 1820 jntundiffimus
1055 1748 1142 1798 con·

112 1819 309 1900 fabulator:
338 1845 443 1918 quem
467 1843 574 1902 unum
603 1818 770 1914 uuiverli,
821 1823 934 1898 uoties
953 1822 1068 1919 jocari
1089 1823 1142 1898 so·

114 1921 239 2008 lebat,
264 1921 445 2014 stupentes
472 1918 742 1994 admirarentur.
792 1846 968 2021 Quoties,
995 1921 1060 1995 Dii
1080 1923 1144 1996 bo·

114 2019 174 2108 ni,
199 2019 235 2093 iu
254 2017 503 2092 Helvetiorum
523 2018 675 2094 concilio
695 2015 831 2114 patriae
855 2020 1011 2114 legatus,
1061 2043 1143 2092 uan-

111 2117 162 2192 do
188 2117 284 2192 seriis
307 2116 416 2214 Reip.
444 2115 581 2192 nostrae
609 2117 763 2214 negotiis
792 2114 972 2190 transatlis
999 2042 1144 2190 relocil-

110 2215 206 2292 landi
226 2213 345 2290 efferat
360 2217 569 2302 Senatores,
595 2214 676 2311 ipse,
693 2215 858 2290 omnibus
877 2213 1075 2312 spetaculo
1090 2213 1144 2290 fe·

109 2313 296 2390 stiviffimis
319 2311 429 2389 diuis
449 2314 518 2388 suis
533 2312 624 2404 suit,
647 2311 686 2388 ἃ
710 2311 804 2411 quali
823 2313 989 2389 miraculo
1008 2313 1144 2393 Helve-

111 2416 238 2488 tiorum
254 2414 423 2490 urbibus.
471 2413 637 2508 Saepius,
663 2436 744 2486 cum
764 2437 785 2487 e
804 2414 965 2503 Lutetia,
991 2414 1046 2488 vel
1069 2414 1146 2487 Fri·

111 2515 221 2611 burgo
234 2514 416 2609 Brisgoae
433 2511 469 2585 iu
487 2511 636 2608 patriam
651 2511 760 2600 redii,
786 2511 845 2586 ille
868 2513 955 2586 mihi
977 2512 1143 2607 lepidiffi·

110 2614 175 2686 mis
193 2613 285 2708 jocis
308 2610 386 2685 suis
414 2608 569 2684 frontem
589 2612 802 2705 exporrexit.
854 2612 1012 2705 Lepores
1043 2628 1144 2685 erant

110 2733 184 2785 nou
197 2712 390 2809 vulgares,
415 2730 487 2781 uon
501 2709 620 2789 leves:
645 2709 702 2783 sed
719 2706 893 2805 appoliti,
917 2706 955 2781 ὅ(
970 2709 1073 2781 rebus
1087 2732 1144 2781 ac·

113 2810 355 2897 commodati,
381 2824 421 2881 ot
443 2828 618 2904 nunquam
640 2806 729 2880 mibi
748 2808 944 2921 'quicquam
955 2806 1144 2904 jucundius

112 2906 224 2981 suerit
243 2930 346 3003 quam
360 2907 454 3001 apud
476 2930 555 2979 eum
571 2906 781 2980 conversan.
823 2902 1051 2978 Christianam
1071 2906 1146 2999 pie·

110 3025 246 3094 tatem,
272 3006 449 3103 majorum
469 3004 660 3079 nostrorum
678 3002 827 3101 vestigia
842 3004 1001 3096 secutus,
1017 3005 1144 3079 itaeo-

109 3106 196 3195 luit,
221 3122 260 3175 ut
277 3104 448 3178 omnibus
466 3104 562 3178 vitae
582 3100 765 3175 honestate
780 3102 1003 3199 praeluxerit.
1022 3102 1144 3275 guan-

109 3222 182 3277 tum
198 3222 323 3276 autem
336 3201 481 3301 gavisus
491 3201 571 3290 snn,
590 3199 733 3296 quando
743 3201 993 3299 briegium
1005 3201 1041 3273 T
1056 3202 1143 3275 chu-

110 3302 193 3377 alum
220 3323 404 3398 generum
433 3300 508 3395 ejus
531 3297 662 3373 fabium
686 3300 856 3394 percepi,
881 3298 998 3373 sorore
1020 3316 1081 3373 tua
1107 3302 1144 3373 in

110 3400 383 3477 matrimonium
401 3396 528 3487 dublo,
553 3396 591 3471 id
612 3418 697 3469 vero
714 3398 775 3471 vix
792 3398 865 3472 dici
886 3396 1013 3493 potest.
1047 3398 1144 3471 Gau·

111 3500 178 3575 deo
192 3498 307 3573 etiam
334 3496 425 3593 (per
442 3500 569 3593 Jovern
589 3494 824 3595 mihicrede)
849 3494 942 3570 baud
956 3496 1145 3572 rnediocri-

112 3616 182 3681 ter,
207 3598 306 3693 quod
338 3598 388 3669 D.
404 3594 611 3673 Henaichus
631 3588 789 3683 Εὰιιῑῐα,
816 3617 928 3691 uepos
949 3596 1036 3668 milti
1060 3597 1143 3667 cba-

110 3696 283 3781 siliimus,
308 3694 380 3769 tibi
399 3711 471 3769 tam
493 3692 638 3767 dilefilus
663 3690 733 3779 est,
758 3714 861 3787 quarn
887 3693 947 3790 qui
969 3692 1145 3768 dileetissi-

114 3817 201 3865 mus.
253 3792 328 3866 Sed
352 3792 398 3864 de
415 3790 469 3865 his
486 3792 581 3865 alias.
633 3790 736 3863 Tuae
760 3791 938 3887 Dignitati
959 3812 1145 3891 congratu·
1233 3879 1238 3892 Ι

116 3890 190 3979 lor,
211 3892 306 3987 quod
339 3889 467 3964 domus
490 3890 687 3970 Phanorina
709 3909 745 3963 te
768 3912 862 3969 nunc
886 3894 1058 3965 Abbatern
1086 3916 1145 3964 co·

117 3987 269 4089 gnoson.
320 3990 423 4065 Deus
445 3990 539 4091 Ops.
554 3986 803 4129 Maximpsque
831 3991 896 4077 tibi
924 3987 963 4067 ἃ
988 3992 1148 4160 corpsoris

728 4112 754 4179 4
1079 4107 1153 4160 ant·
