2875 4650
333 213 339 230 ’
473 265 1182 364 raneosrso.

116 577 120 584 ⁸
307 477 356 567 ti
382 473 573 587 dignitate
601 469 797 584 infigoitos
835 489 1088 559 comnumoret
1129 471 1354 560 rotrocus

310 589 513 701 Quantum
545 601 675 673 tamen
706 585 914 672 econlotis
944 611 1059 672 manu
1086 582 1144 690 &⁹
1172 591 1278 698 typis
1296 587 1355 674 de·

189 781 194 790 .
301 703 467 817 scriptis
489 698 685 786 codicibus
711 700 888 810 colligere
903 705 1032 807 potoi3
1061 725 1202 782 oerum
1223 727 1353 786 nomeu

300 811 421 928 soille
450 809 611 897 videtur
636 813 806 897 Sextus
839 812 978 896 Rosos
1009 812 1204 916 Fuscus,
1255 839 1351 926 quac

312 952 457 1042 quoque
467 922 534 1010 llo.
554 923 807 1034 Rheincfii&
826 923 870 1032 J.
886 922 1115 1034 Gothofredi
1129 925 1184 1035 est
1192 923 1348 1036 senten

308 1045 401 1128 tia:
442 1041 501 1124 Ut
519 1039 680 1123 Sextum
708 1033 881 1140 Rufum,
921 1065 975 1122 aa
1003 1033 1149 1124 Rufum
1173 1035 1349 1142 Festum,

148 1179 154 1189 “
311 1152 489 1255 dixeris,
515 1149 672 1264 perinde
679 1148 750 1262 stt.
806 1151 896 1262 lllist
922 1147 1046 1236 Rufus
1071 1147 1202 1236 Sestos
1233 1168 1348 1238 antea

301 1265 497 1381 scriptum
510 1260 667 1374 ficerit,
693 1260 795 1370 quod
806 1279 880 1374 pro
897 1265 1037 1350 Sextus
1052 1267 1143 1374 poni
1161 1267 1348 1374 ignoran-

313 1393 374 1466 tes
402 1377 588 1463 Librarii
608 1380 649 1460 im
678 1374 829 1460 Fellum
853 1392 1069 1462 mutarunt.
1128 1381 1202 1460 Aa
1232 1401 1348 1478 vcro,

311 1489 463 1599 etiamst
479 1487 580 1598 Fasti
599 1511 749 1591 nomem,
777 1515 859 1574 eum
881 1488 1124 1598 Consularem
1132 1485 1349 1596 fheiemus,

314 1607 408 1719 qnia
423 1599 490 1686 hoe
505 1599 561 1705 εἰ
580 1604 723 1686 momine
742 1599 798 1704 &⁹
815 1627 966 1686 mumre
983 1602 1185 1712 infigoitus
1203 1605 1295 1714 quis
1315 1625 1349 1684 eo

312 1729 482 1824 tempore
509 1717 659 1799 ueniti
694 1737 775 1796 com
793 1710 849 1816 ἒ
873 1711 1062 1823 consulari
1079 1711 1136 1816 &³
1152 1709 1350 1823 praecusso-

196 1851 201 1865 “
313 1827 398 1915 dari
413 1825 605 1938 dignitate
622 1822 754 1935 plures
781 1823 878 1933 Festi
884 1821 1048 1932 suerint
1070 1823 1217 1936 gaoifi.
1259 1821 1348 1908 Festi

311 1939 450 2054 Syriae
467 1937 670 2024 consularis
690 1941 856 2024 meminit
876 1939 1062 2025 Libanius
1072 1964 1089 2036 ‚·
1115 1935 1218 2023 festi
1239 1932 1347 2021 -Afim

310 2051 546 2167 proconsulis
567 2050 687 2153 idem,
726 2051 854 2177 Amm.
895 2051 1179 2152 Marcellinus,
1219 2053 1349 2174 Eune-
1417 2151 1418 2168 ᾗ

309 2159 1348 2401 tltrlsllllnlllts{littorati

229 2413 233 2419 ·
312 2410 397 2479 tum
413 2414 460 2476 ac
481 2393 667 2501 sponium.
694 2386 743 2470 R.
772 2393 890 2477 etiam
919 2385 1015 2473 Festi
1040 2388 1087 2471 V.
1108 2390 1154 2473 C.
1176 2386 1231 2473 de
1249 2386 1346 2475 seed
1416 2408 1417 2413 ‘

311 2504 440 2590 Deam
454 2501 634 2586 Noctium
650 2502 900 2611 Epigramma
918 2504 958 2585 in
969 2498 1126 2585 Anthol
1141 2504 1233 2587 Vct.
1252 2503 1345 2589 Lot.

310 2616 361 2703 L.
384 2616 420 2699 1.
455 2616 529 2725 Ep.
552 2634 707 2697 cxxix.
747 2614 819 2699 Ed.
852 2613 911 2698 ct.
929 2614 1151 2698 Burmanni
1169 2614 1233 2718 ἐξ
1252 2614 1344 2724 Did.

312 2730 586 2836 Cannegicteri
615 2724 671 2811 ad
688 2728 902 2815 Aulaeum.
959 2724 1028 2812 An
1047 2750 1143 2811 uero
1160 2725 1225 2811 bic
1254 2752 1345 2813 unus

310 2841 512 2954 idemque,
549 2837 605 2943 &
626 2837 668 2951 st
682 2840 775 2952 stt,
814 2866 868 2926 an
894 2838 1065 2945 Noster?
1103 2840 1188 2947 Qui
1210 2845 1344 2949 Syriae

310 2954 551 3067 consularis,
588 2955 681 3066 quin
704 2950 829 3064 postea
855 2952 975 3063 Astae
996 2952 1199 3063 proconsul
1212 2952 1345 3059 suerit
1414 3036 1415 3071 ÷

311 3092 395 3151 eum
410 3066 499 3152 aliis
515 3071 590 3151 oisc
611 3064 774 3149 dubito:
802 3090 854 3149 an
882 3062 1046 3175 llloller,
1085 3063 1238 3151 haereo.
1309 3070 1346 3151 Si
1414 3086 1415 3178 s

308 3202 409 3263 omo
429 3181 620 3265 Graeciae
637 3174 940 3289 proconsulatum
962 3174 1140 3288 gefferit,
1178 3205 1235 3263 an
1269 3184 1345 3291 ojus

165 3328 169 3335 ·
310 3292 495 3400 Linguae
522 3292 634 3401 plane
669 3289 819 3376 rudis?
863 3316 1092 3404 quamquam
1126 3288 1184 3393 &⁹
1233 3298 1346 3401 prior
1413 3362 1414 3391 ,

311 3406 434 3601 Ἅπηὶο
453 3402 611 3503 nondum
628 3402 721 3488 mihi
740 3404 871 3517 liquet.
929 3400 1097 3514 Valcstus
1124 3402 1277 3514 quidem
1298 3402 1348 3488 od
1413 3398 1414 3472 l

366 3514 543 3601 arcellini
565 3515 692 3602 uerba
718 3515 754 3601 d.
774 3518 800 3602 l.
837 3512 966 3601 Festus
990 3512 1142 3625 quidam
1173 3514 1345 3600 Triden-

309 3630 415 3716 tinus
450 3687 540 3713 ...
576 3625 832 3715 administrata
865 3628 1007 3742 Syria,
1044 3622 1343 3741 Megisterioque
1412 3704 1413 3766 t

127 3825 131 3831 .
310 3743 506 3827 memoriae
534 3738 688 3847 peretto
716 3806 725 3823 .
756 3806 765 3825 .
796 3806 806 3827 .
834 3766 964 3854 regere
988 3736 1112 3826 lissam
1137 3742 1343 3848 proconsu-

310 3856 380 3938 lari
409 3850 594 3959 potestate
620 3854 772 3938 exorsus
798 3870 868 3941 eet.
896 3852 1020 3939 nullus
1046 3852 1225 3963 dubitat,
1253 3858 1342 3968 quio

310 3966 372 4054 hie
389 3966 448 4079 stt
474 3962 642 4079 muter,
662 3982 874 4082 propterea
904 3966 1004 4083 quod
1028 3962 1241 4081 Megisterii
1268 3990 1344 4049 me·

302 4109 305 4113 ·
727 4163 732 4171 ,
950 4137 952 4141 .
1265 4102 1344 4166 mo·
