2875 4650
185 458 211 470 ,.
322 461 325 468 Δ
387 321 965 433 PRAEFATIO.
1057 371 1195 460 xxxo

152 489 254 601 duel
281 491 316 596 se
340 497 425 614 a'l't,
451 490 560 620 q'uod
582 509 615 594 i's
635 497 845 626 consularis
867 531 978 618 erat,
1004 512 1192 610 hicnon.

149 622 399 734 'dumronfirl
422 611 571 726 fuerat,
599 647 690 708 nam
708 623 921 736 cumulares
947 629 1097 742 legsre,
1124 637 1188 722 ita

165 739 230 823 lex
243 735 441 848 jubebar,
480 735 526 820 de
556 725 766 847 uitiatae·
796 738 960 826 creando
992 742 1090 831 lata.
1151 748 1187 834 Ε

161 847 292 958 quibua
318 841 448 934 verbis
478 850 683 958 Sigonius,
716 847 897 960 Pighius,
933 849 1081 972 Jeniius
1103 859 1187 946 alil·

156 987 228 1072 que
258 961 496 1076 conlegere,
535 965 658 1074 legem
683 961 841 1068 jussisse,
869 981 935 1066 ut,
962 969 1027 1075 qui
1048 967 1184 1061 Didia·

152 1085 216 1160 tor
248 1091 472 1178 crearetur,
508 1085 576 1157 'aut
603 1077 805 1159 consularis
831 1073 950 1182 esset,
993 1096 1061 1164 aut
1089 1107 1184 1168 con-

147 1185 217 1270 sui
244 1289 249 1298 ,
278 1194 336 1272 At
361 1205 540 1271 neutrum
561 1184 652 1270 inde
672 1189 755 1272 elici
782 1179 885 1296 posse
902 1188 1102 1278 contendit
1120 1195 1179 1280 Cl,

149 1299 516 1400 Drakenborchius,
547 1294 615 1382 nili
640 1325 711 1407 pro
731 1301 945 1412 rorrflrlares
972 1303 1102 1414 legsre
1120 1331 1181 1390 re·

149 1429 324 1520 ponatur
348 1413 580 1524 ‘conficiarem
607 1411 640 1496 le
667 1414 761 1514 sre,
800 1439 913 1522 quam
946 1413 1196 1504 emendatio-⁸
1239 1501 1245 1523 ,

150 1537 244 1607 nem
269 1537 398 1608 tamen
422 1525 550 1610 nullus
570 1546 616 1607 co
645 1551 693 1608 ex
712 1521 901 1630 admittit,
927 1524 994 1628 δι,
1022 1523 1088 1613 etsi
1110 1527 1179 1616 ad·

146 1637 252 1732 mitti
280 1635 423 1745 pulset,
452 1660 530 1746 quo
558 1655 639 1721 tum
668 1625 761 1720 illud
787 1635 915 1748 legsre
935 1635 1178 1728 referendum

150 1742 223 1846 fit,
260 1747 296 1832 se
333 1747 462 1834 ridete
491 1763 639 1864 negat:
678 1745 780 1834 unde
805 1751 1018 1848 confidam
1040 1753 1178 1864 accipit

149 1862 242 1944 casu
258 1861 409 1968 primo,
434 1875 476 1945 ut
498 1858 550 1943 illi
572 1855 746 1947 dicantur
768 1858 893 1987 legisse
911 1863 1176 1972 Diuatorem,

61 2062 70 2082 ‚
155 1967 204 2054 dc
221 1972 314 2056 inde
331 1986 592 2084 argumentum
611 1991 714 2082 petat
735 1971 890 2080 Livius,-
915 1999 982 2058 cur
1001 1974 1177 2066 Lartium

148 2083 287 2194 potius
317 2085 581 2187 consularem,
609 2108 723 2196 quam
746 2085 819 2170 Μ’.
849 2085 1073 2192 Valerium,
1109 2093 1176 2198 qui

145 2193 327 2282 nondum
360 2199 488 2282 consul
506 2195 627 2280 suerat
637 2253 652 2300 ,
678 2199 843 2306 primum
860 2195 1099 2286 violatorem
1117 2201 1175 2291 di·

147 2306 257 2395 dlum
279 2310 483 2419 opinetur,
508 2307 614 2419 quod
633 2305 876 2396 verosimilius
893 2307 966 2413 sit,
990 2313 1173 2402 Consula-

145 2442 210 2507 res
241 2422 294 2509 sui
321 2424 484 2533 potius,
521 2448 635 2531 quam
664 2422 853 2508 inferioris
877 2421 1172 2515 ordinisrirum

142 2522 197 2617 ad
217 2534 317 2619 hauc
329 2532 556 2649 dignitatem
570 2534 743 2620 erexisse.
769 2538 906 2645 Neque
919 2536 1066 2622 obstare
1082 2538 1171 2627 huic

146 2646 349 2753 opinioni,
378 2644 483 2756 quod
512 2648 601 2732 alias
623 2652 765 2757 semper
789 2647 966 2755 Didlator
987 2650 1037 2734 ab
1057 2652 1171 2737 alter-

146 2775 240 2845 utro
265 2762 445 2860 consule,
485 2760 545 2843 vel
581 2758 630 2844 ab
658 2786 739 2845 uno
756 2783 780 2843 e
798 2756 987 2845 Tribunis
1004 2764 1170 2861 militum

147 2870 335 2955 consulari
360 2866 542 2979 potestate
572 2870 694 2956 didius
723 2868 864 2959 suerit:
902 2872 992 2980 quia
1020 2867 1169 2982 euulsa,

142 3006 250 3179 llll
270 2980 398 3181 '¹²⁰⁶si
430 2976 578 3181 llll
594 2984 853 3183 lllllllla
864 2984 1063 3184 ἳῗῗῗῖῗ
1071 2986 1169 3185 03¹1?

140 3116 478 3295 sularibffitdar'um
504 3202 558 3292 fit.
614 3207 691 3295 Sed
717 3208 805 3293 huic
837 3125 1012 3319 opinirffi
1036 3238 1168 3301 revera

140 3318 290 3423 obstat,
320 3319 426 3435 quod
446 3346 527 3407 non
544 3342 692 3409 tantum
711 3348 735 3405 a
754 3323 949 3408 consulum
967 3326 1167 3429 alterutro,

137 3435 196 3517 rel
226 3460 310 3518 uno
338 3434 610 3521 Tribunorum'
636 3434 799 3519 militum
835 3460 868 3519 c.
896 3462 936 3542 p.
962 3434 1052 3521 dein
1088 3436 1166 3525 dici

136 3546 376 3631 consueverit
402 3544 602 3651 Distator,
628 3546 689 3631 sed
709 3549 821 3633 etiam
839 3544 944 3659 quod
965 3576 989 3635 a
1007 3550 1166 3637 nemine

133 3660 208 3745 alio
236 3656 316 3745 dici
357 3656 519 3769 potuilie
552 3662 678 3747 omnia
707 3658 873 3745 Historia
900 3658 1063 3748 testatur.
1121 3664 1166 3759 sl

127 3772 228 3859 enim
255 3772 339 3861 hoc
369 3788 544 3879 tempore
573 3772 782 3858 Dislatoris
801 3770 954 3875 dicendi
975 3784 1033 3885 jus
1051 3776 1161 3861 Con·

123 3886 309 3975 sularibus
332 3884 472 3972 datum
491 3876 536 3965 fit
546 3946 560 3987 ,
573 3884 676 3973 unde
692 3883 821 3993 postea
839 3880 916 3970 five
933 3886 1164 3995 institutum,

111 3991 203 4095 'stre
225 4026 319 4093 mor
331 4058 350 4108 ,
389 4020 524 4109 quoa
551 3998 714 4089 Consule
746 3998 826 4083 solo
854 3998 933 4087 diti
960 3997 1166 4105 debuerit,

664 4112 813 4249 urz
1068 4136 1171 4221 sr-
1350 4074 1358 4081 ’
