2875 4650
492 225 1087 388 *nuorcnrgro

295 469 552 590 taleh'qoae
582 479 728 592 precati
755 505 779 566 a
805 477 883 572 Del
908 475 1151 592 benignitate
1179 475 1350 570 firmant·

299 597 382 704 Qui
402 619 488 680 moe
505 595 568 680 cui
590 597 855 703 potiusquam
873 590 1066 696 mihi,aut
1082 591 1251 704 qnando
1274 623 1350 683 ma·

299 715 383 826 gie,
411 733 526 816 quarn
555 705 630 795 hoc
655 728 829 819 ternpore
853 705 1066 792 convenit?
1106 730 1348 796 cucuro-

296 832 397 908 ns
415 819 501 905 estio
521 819 818 908 Fridericianae:
839 819 953 923 mihi,
975 844 1072 926 quae
1090 819 1196 906 curis¹
1217 820 1346 908 velina

298 940 414 1045 atque
449 929 614 1021 confiliia
649 931 930 1032 instituuntur,
959 935 1011 1018 'ut
1050 929 1206 1046 singula
1238 933 1345 1044 perli-

299 1047 475 1150 ciuntur,
502 1048 570 1134 uni
587 1073 693 1139 nunc
718 1043 999 1156 providendum
1018 1041 1081 1128 est
1146 1046 1343 1150 Quartum

299 1187 448 1248 annum
471 1163 548 1267 jani
574 1161 655 1272 agit
672 1157 952 1260 fridericum,
977 1156 1020 1239 δι
1050 1156 1218 1243 feliciter
1247 1160 1344 1273 agit,

300 1291 384 1361 tuta
411 1272 477 1358 sub
498 1290 657 1383 potente
679 1265 865 1381 praefidio
892 1272 946 1356 sui
972 1293 1342 1378 couor‘ronrs,

295 1383 412 1474 audin
457 1384 579 1494 nuper
623 1405 861 1487 ujusuurr
910 1382 1132 1467 liberalitate
1175 1381 1342 1496 insigni,

293 1515 406 1606 perta
436 1497 550 1582 etiarn
576 1494 700 1580 vestro
727 1517 823 1582 nutu
847 1493 891 1580 δι
922 1489 1110 1596 consiliis,
1138 1497 1290 1602 quibus
1314 1501 1342 1580 le

294 1609 385 1721 regi
404 1633 485 1692 non
508 1613 659 1718 ingrata
682 1605 924 1710 recordatur,
953 1607 1100 1718 quoties
1119 1604 1289 1694 lraelitat
1307 1613 1340 1692 iu

300 1745 344 1807 re
361 1719 499 1829 dubia3
526 1719 569 1806 δι
585 1747 654 1832 per
675 1745 769 1806 vos
798 1721 1002 1819 sublevari,
1030 1745 1128 1828 quae
1149 1719 1205 1804 ad
1227 1747 1341 1834 augu-

300 1830 400 1920 stum
426 1855 792 1945 trevirorum
818 1833 923 1918 suum
949 1827 1079 1914 referti
1108 1833 1207 1917 vult.
1269 1835 1340 1918 Mi-

299 1939 387 2032 rum
407 1949 517 2051 sane,
543 1971 647 2035 vos
673 1947 789 2032 tantis
814 1973 937 2030 rerum
961 1940 1223 2058 gerendarum
1250 1950 1342 2032 curia

295 2080 485 2149 oneratur
504 2087 587 2146 non
605 2061 793 2144 minorem
818 2060 870 2143 rei
901 2056 1125 2159 litterariae,
1151 2059 1198 2142 in
1224 2069 1341 2162 majus

301 2169 597 2285 provehendae,
633 2172 820 2257 rationem
851 2168 1016 2270 habere,
1043 2193 1159 2275 quam
1192 2167 1221 2254 si
1258 2173 1341 2257 huit

300 2287 372 2373 uni
399 2287 592 2371 vacaretis.
649 2283 726 2371 Sed
754 2282 833 2369 hacc
858 2285 916 2367 vis
946 2281 1167 2367 excellentia
1199 2281 1258 2369 est
1291 2287 1342 2367 in·
1421 2370 1422 2381 Ν

301 2397 432 2512 genii,
459 2395 503 2480 da
529 2394 704 2507 generoli
730 2398 871 2481 amoris
890 2422 982 2509 erga
1008 2399 1224 2505 praeclaras
1247 2400 1343 2482 litte·

300 2534 364 2599 aaa
392 2506 436 2592 δι
461 2506 581 2594 studia
609 2508 885 2611 humanitatis,
923 2526 966 2591 ut
1004 2506 1101 2592 inter
1129 2510 1343 2621 graviffimi

300 2622 490 2747 propinati
524 2649 663 2725 curan,
701 2620 837 2732 quibus
872 2618 1023 2705 distenti
1059 2618 1146 2705 elliu
1173 2622 1348 2727 affidm,

301 2758 377 2830 nec
406 2760 471 2821 eae
501 2735 782 2841 intermittatis,
810 2760 907 2843 quae
935 2756 1059 2817 rerum
1089 2734 1345 2822 Academica·
1420 2828 1421 2831 p

284 2874 390 2942 rum
413 2846 496 2935 sunt
506 2874 522 2945 ‚·
551 2845 594 2933 dc
614 2848 764 2963 magnit
788 2844 960 2931 nudibus
988 2846 1200 2932 litterarum
1223 2850 1345 2934 incre·

173 3009 175 3012 ·
305 2980 437 3073 menta
452 2958 681 3071 producunt
735 2960 865 3045 Multa
886 2957 928 3042 δι
947 2959 1091 3049 eximia
1107 2956 1217 3068 irnt3
1248 2988 1344 3070 quae

304 3072 540 3165 Academiae
556 3070 807 3185 praestitistis,
835 3097 932 3182 quae
954 3069 1092 3159 referre
1115 3073 1254 3159 omnia
1274 3091 1349 3160 nec*

305 3188 490 3300 temporis
518 3188 626 3292 hujus
650 3184 733 3287 est,
752 3211 825 3269 nec
852 3182 971 3271 vestra
1001 3183 1179 3270 concedit
1210 3186 1345 3273 mode-
1419 3212 1420 3233 ²

252 3372 258 3389 ,
306 3300 416 3390 ratio.
476 3298 575 3385 Illud
611 3320 739 3386 autem
772 3322 1010 3405 nequaquam
1036 3293 1184 3382 silentio
1206 3296 1263 3383 est
1289 3297 1347 3383 di·

306 3408 559 3514 mittendum,
589 3410 693 3521 quod
713 3411 770 3495 bia
795 3436 916 3521 nuper
937 3412 1094 3525 egregio
1115 3412 1256 3495 merito
1284 3413 1345 3497 lit·

266 3582 271 3589 -
305 3542 510 3612 tenturam
537 3526 836 3637 elegantiorem,
880 3550 984 3609 nunc
1007 3550 1031 3609 a
1058 3523 1249 3633 plerisque
1287 3528 1346 3609 lo-

307 3640 388 3741 tia,
412 3636 526 3723 etiam
553 3635 798 3738 Academiis,
823 3638 1077 3739 exsulantem,
1104 3634 1344 3721 sereniffimia
1418 3702 1419 3711 i

308 3750 477 3862 auspiciis
505 3750 545 3833 in
566 3746 857 3835 Fridericianam
884 3746 1038 3849 reduci,
1066 3774 1182 3850 cura,
1219 3746 1343 3834 confi·

210 3890 213 3899 ·
308 3864 389 3966 liia,
417 3888 494 3974 ope
511 3860 778 3963 adlaboral'tia,
805 3861 848 3947 δι
871 3882 912 3945 ut
929 3862 1070 3947 salubre
1095 3861 1248 3944 initium
1271 3862 1343 3947 hu-

255 4043 260 4057 „
307 3982 368 4085 int
388 3979 443 4062 rei
467 3985 544 4087 jam
572 3972 717 4064 fadum
739 3970 808 4081 lit,
835 3970 959 4075 vestro
983 3966 1195 4061 incredibili
1215 3970 1344 4059 studio

1261 4110 1346 4199 ,e
