2875 4650
259 245 1008 354 unumunurn-omar.
1132 325 1135 331 .

110 401 167 479 ,hs
193 404 552 502 circumspiciamus,
592 421 693 480 certe
725 403 930 480 invenimus
956 405 1163 483 neminem..

112 503 249 580 Solam
266 507 402 602 quidem
424 505 626 620 Romanam
647 503 897 619 rempublicam
920 490 1062 596 scribit,
1088 505 1148 580 sed

116 603 773 802 ntauttrtqttstttttt,
788 604 1147 796 {attentas

119 800 245 895 quihus
269 803 426 878 ducibus
448 799 489 876 dt
508 820 652 900 partum
670 801 863 896 imperium
880 851 895 891 ,
910 797 967 874 ,ἃ
996 802 1147 878 mirifice
1271 825 1277 839 ⁴

117 895 274 989 audium,
300 904 502 1000 quibusque
530 900 668 998 legibus
692 897 734 972 stt
756 899 853 972 idem
877 903 1148 989 conservatum

116 995 223 1087 haec,
248 1000 425 1096 inquam,
444 1000 685 1104 qui0noverit,
709 997 805 1073 scitis
821 998 966 1087 Musae,
980 1018 1147 1095 quantam

111 1093 170 1169 isse
191 1098 312 1174 civilia
334 1099 569 1198 prudentiae,
592 1097 747 1194 isliuhue
764 1099 898 1193 regiae,
924 1119 1027 1195 quam
1046 1099 1146 1172 Plato

111 1192 230 1284 dixit,
256 1195 296 1272 dr
313 1201 553 1274 Purncmnus
575 1199 704 1294 dignae
721 1195 928 1292 disciplinae
947 1193 989 1269 stt
1008 1216 1145 1293 partem

110 1291 205 1364 eous
269 1320 364 1370 utut.
418 1297 519 1397 Quae
540 1319 646 1392 quum
661 1291 800 1371 ita'sese
822 1295 1002 1383 habeant,
1026 1294 1148 1369 dicitis

111 1391 203 1464 mihi
238 1395 373 1482 ursan,
396 1419 461 1470 cur
478 1415 550 1470 tam
568 1393 724 1468 nobilem
737 1393 921 1470 materiam
938 1391 1149 1469 sereniffimo

113 1489 235 1566 vestro
250 1517 412 1591 meoque
424 1495 593 1569 nmium
614 1491 746 1568 offerre
761 1495 887 1575 iterum
900 1529 915 1584 ·,
927 1493 1145 1568 erubescam.

110 1589 201 1663 Nou
222 1595 399 1668 erubesco
421 1592 629 1680 materiam,
653 1613 758 1690 qnam
777 1591 916 1666 excelso
938 1613 1023 1684 ujus
1045 1592 1147 1686 inge·

109 1686 174 1760 nio
194 1691 339 1789 semper
355 1693 429 1765 scio
446 1710 583 1786 gratam
602 1709 712 1790 atque
725 1688 839 1789 etiam
845 1688 1040 1784 jucundam
1056 1687 1145 1765 esse:

109 1785 260 1862 habitus
280 1811 403 1864 autem
424 1789 504 1864 libri
525 1805 693 1862 externus
715 1785 889 1886 quianon
915 1781 944 1862 i'n
959 1787 1035 1876 est,
1059 1813 1145 1886 qua·

111 1887 191 1958 lem
207 1891 342 1976 volui,
363 1888 420 1961 sed
438 1911 544 1985 quem
570 1887 784 1984 typographi
804 1886 984 1962 neceffitas
1006 1885 1146 1960 detritis

115 1986 221 2080 typis
243 2009 313 2060 nec
330 1987 448 2061 charta
464 1987 605 2076 induxit
617 1984 812 2082 puriffim23
829 1985 998 2083 erubesco
1016 1987 1147 2058 serenis
1171 2029 1175 2039 ·

111 2083 216 2158 issum
238 2084 357 2158 oensis
381 2099 711 2160 tamntnoxanor
730 2082 929 2182 diruemus
950 2077 1145 2178 subiicere,

105 2204 426 2278 quantamcunque
440 2187 547 2258 etiam
561 2206 680 2258 curam
692 2174 964 2276 industriamque
973 2183 1009 2255 in
1022 2204 1145 2254 emen·

109 2282 237 2357 dando
259 2281 422 2357 adhibui.
457 2280 620 2359 Vestrum
640 2303 728 2377 ergo
742 2303 893 2372 nomeu,
917 2301 1035 2355 marus
1057 2303 1145 2354 con·

109 2380 192 2455 fisus
219 2382 449 2475 benignitate
471 2379 751 2468 acclamantia,
781 2375 871 2453 libro
891 2378 1145 2477 praescriptum

109 2484 223 2569 volo,
247 2478 390 2553 vestr-ae
404 2476 691 2571 eumindustriae
704 2469 811 2575 atque‘
828 2470 946 2575 favori
961 2502 1145 2553 commen·

109 2584 183 2669 do,
209 2597 249 2653 ut
266 2578 349 2651 filiis
364 2578 505 2667 vestris,
531 2579 722 2677 generosae
732 2576 934 2671 juventuti,
959 2599 1143 2651 commen·

109 2680 231 2767 detis,
255 2676 344 2749 ficut
363 2678 617 2749 commendare
638 2697 703 2747 voa
718 2673 816 2760 illurn
838 2670 990 2748 &tueri
1012 2674 1143 2761 etiam,
1189 2732 1193 2750 .

110 2798 166 2849 ea
194 2798 266 2871 quo
289 2775 402 2871 prima
419 2772 577 2849 editione
595 2790 700 2871 ¹natus
720 2791 827 2863 erat,
848 2794 938 2867 tum
959 2772 1145 2871 uoluptate

110 2874 283 2948 memini.
332 2872 429 2961 Sed,
452 2872 547 2965 quod
564 2891 671 2967 eaput
694 2868 841 2965 reiest,
865 2871 934 2943 hoc
949 2870 1051 2947 unice
1075 2892 1142 2943 voa

106 2974 187 3071 jam
206 2993 301 3066 rogo
315 2970 351 3045 ἃ
366 2970 545 3058 obtestor,
568 2989 607 3043 ut
621 2968 708 3043 ficut
723 2957 779 3054 M.
794 2969 933 3061 Tullius
944 2966 1062 3058 vester
1076 2990 1141 3065 pro
1255 3026 1259 3039 .

109 3074 149 3149 se
173 3069 439 3165 philosophiam
464 3066 508 3141 ad
527 3068 698 3143 Catonem
718 3067 931 3239 ablffiabau
962 3068 1012 3140 ita
1033 3070 1139 3139 vobis

108 3170 201 3245 mihi
226 3168 527 3262 deprecatricibut
545 3168 637 3263 apud
666 3166 776 3240 sereni
816 3189 912 3239 mum
932 3168 1139 3265 Putncrnmt

111 3271 165 3343 uri
186 3268 325 3355 liceat,
348 3288 422 3361 quo
440 3265 582 3341 veniam
599 3265 693 3343 ,mihi
716 3264 921 3337 immutatae
941 3262 1140 3340 dedicatio-

110 3368 165 3443 nis
182 3366 404 3461 impetretis,
425 3386 533 3461 quam
546 3384 618 3437 non
639 3362 818 3448 difficilem
837 3363 945 3437 vobin
957 3362 1004 3436 ad
1026 3363 1139 3458 impe·

111 3465 274 3539 trandum
290 3460 389 3552 sore,
412 3482 558 3556 propter
572 3460 757 3537 mirificam
775 3480 893 3535 ramus
911 3482 996 3556 erga
1016 3458 1137 3533 vos&

109 3562 224 3637 studia
242 3558 362 3633 vestra
387 3562 585 3635 bonitatem
607 3556 909 3648 (inclementiam,
934 3582 1038 3655 quam
1062 3558 1138 3653 ipse

110 3660 304 3737 innumeris
323 3656 508 3741 beneficiis
521 3676 683 3753 expertus
697 3660 792 3747 sum,
815 3656 1008 3751 planissime
1026 3655 1138 3731 confi·

109 3759 171 3831 do.
195 3760 351 3847 valete,
375 3754 416 3831 dt
432 3758 638 3831 memoriam
656 3757 750 3846 mei,
774 3753 897 3829 vestris
911 3756 1015 3830 sacris
1027 3779 1137 3851 quon·
1231 3828 1234 3833 .

109 3855 195 3931 dam
209 3853 416 3951 praepositi,
440 3870 481 3929 ut
495 3852 635 3945 facitis,
655 3853 886 3945 conservate,
907 3857 1146 3951 quemadmo.

103 3954 197 4033 dum
217 3954 371 4033 ruham
394 3974 466 4055 ego
477 4006 493 4051 ,
509 3950 684 4057 vestrique
706 3954 894 4099 {aqueum
911 3950 1144 4063 chementisiig

797 4073 825 4149 4
1062 4073 1143 4144 ²²¹²»
