2875 4650
255 249 965 344 PRAEFATIO:

96 453 262 544 unum
293 451 393 565 effe,
447 451 721 541 uemadnobusn
742 457 782 540 in
800 453 1012 542 MStoruus
1036 455 1135 542 Cart·
1206 533 1212 542 .
1283 537 1289 543 .

99 569 306 656 lotionibus
335 569 441 652 Rue
467 569 610 674 Metire
634 569 738 652 iilius
766 572 914 654 Avieni
934 585 1052 680 opera
1069 573 1132 654 ui·

99 681 167 768 deo
195 681 393 791 ariperipta
420 675 600 789 Dionyfii
626 675 836 791 Periegessn
865 681 948 784 &a
989 685 1132 766 nomme

100 792 291 880 ePisboci
307 792 465 906 quodam
487 797 780 902 Epigrammute
799 793 952 876 Aiienii
974 790 1139 896 abdito,¹
1288 891 1290 896 ¹

101 905 260 992 Avieuii
288 906 431 1018 gentile
459 906 531 988 erit
558 930 731 1008 nomen,
766 902 870 1011 quod
900 900 978 990 fere
1009 906 1049 988 in
1073 910 1133 990 ius

100 1017 207 1120 exit,
233 1018 420 1130 ut'gentis
436 1016 601 1112 Tussiae,
627 1019 830 1101 Corneliae
849 1014 923 1101 &c.
954 1016 1132 1118 Tullius,

103 1131 336 1226 Cornelius,
368 1130 528 1214 -Poscius
553 1127 628 1214 &e
664 1129 779 1213 forte
807 1127 931 1213 ditius
959 1127 1012 1212 est
1030 1131 1130 1214 Sex,

101 1247 315 1328 Avssusus
328 1243 468 1327 Rarus
485 1241 528 1326 δι
540 1242 699 1349 bequiori
718 1267 815 1326 aevo
835 1265 1069 1348 praenomen
1089 1245 1133 1324 in

102 1351 200 1446 Festi
231 1351 362 1440 abierit
393 1355 477 1458 &a
538 1357 717 1455 Verum,
751 1353 899 1465 etiamst
914 1353 1056 1457 Nostro
1076 1349 1138 1438 A·'

102 1466 219 1550 vienii
247 1469 314 1552 uei
339 1469 480 1552 Avieni
508 1491 635 1551 nomeu
660 1465 818 1572 suerit,
855 1464 905 1550 ab
922 1466 1051 1551 altero
1068 1481 1134 1552 ta·

104 1606 187 1662 men
214 1578 490 1690 distinguendus
516 1605 588 1664 non
605 1577 752 1684 bium,
785 1576 934 1690 quadis
958 1581 1134 1664 Graeca-

101 1717 193 1775 ruru
216 1691 444 1776 Literaruru
460 1687 702 1802 peritiffiuius
716 1690 803 1796 cſjet
822 1746 837 1792 ,
862 1687 1004 1799 Noster
1020 1691 1135 1798 piane

103 1803 241 1905 rudis,
260 1821 304 1887 ut
325 1803 381 1888 ud
396 1806 585 1889 Ammian.
609 1802 906 1902 Marcellinum,
935 1799 978 1884 L.
998 1823 1134 1888 xxix,

101 1941 134 1998 c.
164 1941 201 1999 2.
230 1913 412 2024 obferunt
430 1917 484 2003 H.
509 1914 699 2010 Vilibus,
737 1912 803 2017 scd
818 1916 934 1998 etiam
954 1915 1055 2024 quod
1071 1939 1134 1999 ae·

103 2041 172 2114 tas
197 2027 346 2136 obstet3
372 2033 438 2139 qui
472 2034 569 2113 enine
596 2022 934 2126 Valentiniani&
958 2026 1134 2112 Valentis

104 2140 337 2250 temporibus
350 2142 397 2251 pc
427 2165 525 2226 aeuo
547 2145 774 2249 grauiorem
799 2137 1037 2247 profitetur,
1067 2140 1134 2249 ju-

103 2257 216 2338 ucue's
233 2251 300 2361 effe
319 2278 392 2341 uon
407 2257 534 2365 potuit
541 2248 618 2365 sub
632 2249 846 2364 Tbeodofio,
867 2275 948 2337 curu
961 2245 1041 2361 sua
1063 2256 1135 2337 Sa·

104 2368 286 2453 turnalia
307 2365 500 2478 scriberet
532 2364 781 2467 Macrobius,
808 2392 835 2448 a
856 2388 929 2476 que
952 2367 1059 2449 iuter
1074 2388 1134 2450 eu·

104 2502 195 2563 run
217 2482 508 2565 interlocutores
529 2481 706 2563 Auienus
725 2478 875 2563 relatus
894 2472 958 2583 est.
1022 2476 1133 2563 Unde

105 2614 189 2674 curu
225 2593 312 2675 Aba.
347 2595 520 2677 Antonio
563 2590 664 2677 bibl.
706 2592 792 2677 Vct.
827 2586 936 2701 Hesp.
978 2604 1132 2675 utrum·

106 2728 182 2813 quc
201 2701 494 2814 distinguendum
522 2701 590 2809 elie
609 2698 713 2788 reiie
734 2700 888 2812 judicat
916 2700 1134 2789 Fabricius.

110 2814 256 2899 Verum
286 2814 374 2917 bic,
401 2815 501 2928 quod
520 2816 615 2900 alibi
642 2815 688 2900 ob
703 2816 850 2899 uacui
863 2812 1044 2925 saepius,
1071 2838 1136 2900 aa·

109 2920 233 3035 pidiffe
260 2930 427 3037 opinor,
465 2942 510 3011 ut
546 2926 661 3013 aseer
677 2952 735 3029 os,
753 2926 826 3033 sesi
844 2924 965 3011 cedern
993 2932 1137 3013 nomine

106 3054 181 3125 aut
205 3064 358 3123 munere
383 3038 612 3149 conspicuos,
639 3038 872 3146 confundunt
894 3032 1020 3123 Dotis
1063 3040 1136 3125 Uti

107 3153 206 3237 euin
225 3149 302 3263 fisb
321 3153 561 3237 Diocletiano
574 3155 716 3237 Sextus
741 3151 895 3264 quidun
917 3148 1048 3259 Rufus
1074 3156 1136 3237 ei·

107 3266 209 3367 rsit,
251 3288 358 3377 quern
385 3266 529 3350 Runae
559 3265 841 3376 descriptionem
869 3261 1138 3373 confignaffee

107 3376 258 3467 Blando
285 3375 341 3481 &⁹
373 3377 581 3463 Marliouo
608 3380 737 3483 refert
770 3372 945 3487 Voffius,
967 3374 1030 3488 ¹fic
1053 3377 1138 3487 plu-

107 3512 175 3575 res
201 3489 286 3575 dein
305 3486 453 3597 suilli,
479 3514 708 3603 quamnam
743 3488 946 3597 diversos,
984 3494 1069 3603 spuis
1097 3494 1139 3577 in

104 3600 288 3709 Hiberia
305 3615 389 3689 tacu
416 3601 541 3715 hospes
635 3606 879 3712 peregrinus,
906 3606 973 3715 qui
1001 3608 1140 3713 neget?

107 3715 252 3803 Plures
280 3716 525 3824 Eutropius,
552 3714 676 3822 Fusios
694 3720 847 3824 plures,
876 3716 1005 3822 plures
1020 3720 1139 3803 etium

66 3924 72 3931 ,
106 3832 282 3917 Auienus
297 3828 437 3930 iisdem
463 3833 558 3936 jere
585 3826 813 3935 temporibus
842 3824 1023 3937 Historia
1058 3830 1139 3940 ejus

103 3936 395 4077 utriuslibet,
420 3946 645 4054 utquisque
662 3935 814 4054 eclstsc
829 3944 949 4035 etiarn
969 3940 1141 4067 conficiar·

563 4052 726 4163 Eee5
1036 4072 1141 4195 ¹rs
