2875 4650
255 247 1002 347 trunitanuronn's.

153 535 567 648 srouutnros
594 535 1109 645 nnvuucnnrtn.

568 789 615 868 L.
662 793 698 866 S.

168 1031 188 1083 o
208 1005 390 1104 Eutropio
415 1001 640 1080 emendando
664 1018 815 1100 quatuor
837 1006 933 1081 libris
961 1009 1065 1084 MSS.
1097 1007 1146 1083 un

174 1111 318 1197 lomus,
343 1125 437 1204 quos
456 1125 584 1178 omnes
604 1104 820 1178 Bibliotheca
842 1105 1149 1201 Lugduno-Bata·
1169 1165 1173 1174 .

116 1203 442 1301 uasuppeditavit,
465 1203 580 1300 iisque
594 1223 664 1275 non
681 1204 975 1295 contemnendis,
998 1227 1147 1304 quorum

116 1305 325 1402 praesertim
348 1303 484 1376 Primus
505 1323 527 1373 a
546 1298 721 1375 vetustate
740 1300 812 1374 sese
835 1305 1086 1394 commendat,
1110 1330 1148 1376 u·

117 1426 167 1478 oa
192 1426 272 1476 cum
292 1399 490 1476 Hiocmari
510 1395 675 1492 Epistolis
695 1398 734 1472 in
758 1401 979 1494 Membranis
1002 1401 1150 1498 scriptus

121 1521 330 1599 quartanam
358 1499 512 1573 formam
538 1486 776 1586 habentibus,
808 1497 1058 1593 &praeterea
1087 1526 1149 1597 pu-

114 1621 195 1674 rum
222 1603 417 1674 continent
449 1596 685 1691 Eutropium,
726 1596 837 1671 nullus
866 1600 978 1674 Paulli
1018 1601 1149 1674 Diaco·

116 1700 156 1773 tri
188 1698 409 1773 intermixtis
441 1694 603 1791 ineptiis;
628 1693 737 1768 Unde
763 1719 868 1790 quum
904 1701 1055 1796 reliquos
1086 1723 1151 1772 nu·

115 1798 230 1872 meris
256 1795 329 1868 suis
371 1791 616 1881 distinximus,
648 1792 709 1865 hic
744 1811 879 1868 tantum
924 1799 1037 1894 Lugd.
1069 1800 1148 1872 Bar.

117 1894 163 1968 io
182 1895 297 1968 variis
312 1891 537 1966 ludionibus
557 1889 675 1984 puffim
689 1889 842 1981 dicitur,
867 1893 929 1965 nisi
945 1896 990 1966 de
1010 1896 1152 1990 reliquis

122 1989 231 2064 fimul
246 1989 311 2062 fiat
329 1992 472 2064 mentio.
522 1989 684 2064 Secundus
704 1988 918 2064 chartaceus
937 1993 972 2064 in
990 1991 1031 2064 f·.
1051 2015 1152 2087 prae·

120 2109 184 2164 ter
204 2089 370 2182 Eutropii
388 2088 543 2162 libellum
563 2089 631 2161 alia
655 2087 767 2161 multa
788 2088 921 2177 habet,
946 2089 1040 2163 Livii
1066 2091 1152 2184 Epi»
1292 2091 1294 2098 ’

118 2207 261 2277 tomas,
288 2186 442 2261 Cornelii
463 2187 622 2280 Nepotis
642 2188 734 2261 uitat
750 2187 866 2283 lmpp.
886 2187 1035 2262 Sallustii
1056 2191 1151 2261 Cari·
1180 2251 1182 2256 .

115 2286 229 2362 linam
251 2283 292 2360 dt
316 2285 525 2384 Jugurtbam
546 2282 618 2359 dte.
670 2284 880 2359 &silebatur
902 2291 949 2371 ibi
971 2293 1005 2360 in
1017 2286 1089 2383 fine
1110 2291 1151 2359 ll·

113 2388 169 2461 bri
185 2408 224 2461 x.
245 2386 399 2481 Explicit
419 2386 500 2458 iiber
513 2406 549 2459 x.
598 2384 674 2456 Huc
697 2406 797 2477 usqne
818 2384 976 2481 Historia.
1032 2389 1151 2461 Eutro-

117 2490 198 2581 pius
223 2484 412 2582 composuit.
462 2484 523 2555 Cui
552 2496 663 2556 eumen
684 2484 793 2576 aliqua
820 2486 954 2559 Paullus
985 2486 1153 2559 Diaconos

117 2586 260 2659 addidit.
313 2586 439 2677 Incipit
461 2582 563 2655 Liber
581 2602 642 2654 rr.
681 2578 720 2655 du
745 2578 792 2654 ste
809 2604 958 2679 pergunt
979 2586 1036 2657 illa
1056 2607 1147 2677 quae

117 2704 222 2757 mere
235 2682 393 2757 Diacooi
411 2678 502 2755 suot.
530 2680 661 2753 Tertius
674 2678 709 2753 in
724 2696 776 2768 4⁸.
802 2680 968 2773 scriptus,
986 2682 1024 2753 ou
1040 2684 1156 2755 Char·-

121 2796 252 2853 taceus
266 2782 373 2869 item,
400 2780 492 2853 bunc
507 2777 813 2874 praeferttitulum
824 2802 842 2851 :t
859 2780 1010 2875 Eutropii
1026 2782 1062 2853 de
1085 2785 1151 2852 ori·

121 2886 229 2973 gine,
253 2877 416 2971 Regibur,
441 2874 630 2974 Consulibus
648 2874 773 2949 Romae
790 2878 879 2949 liber.
913 2878 986 2951 Hic
1008 2879 1151 2975 quidem

124 2977 257 3051 Codex
272 2998 343 3049 uon
358 2974 539 3050 estmalae
556 2990 681 3061 notae,
706 2972 765 3047 sed
781 2975 899 3067 puffim
917 2978 1069 3057 Diaconi
1087 2977 1150 3051 ad·

124 3076 339 3151 ditamentir
354 3072 514 3153 refertus.
563 3072 648 3145 Erat
662 3070 700 3146 dt
714 3072 803 3145 alter
818 3076 1032 3148 chartaceus
1045 3078 1080 3148 in
1096 3094 1148 3166 4⁰.

124 3174 280 3249 sednon
302 3173 433 3268 dignun
453 3171 551 3267 cujus
564 3171 655 3267 ratio
676 3171 885 3260 haberetur,
908 3176 1095 3271 colligatus
1111 3200 1149 3247 u·
1264 3194 1267 3205 ¹

127 3294 173 3346 na
189 3296 272 3347 cum
292 3289 419 3345 vetere
437 3271 550 3365 aliqua
563 3267 785 3367 impreffione
800 3268 969 3345 Fasciculi
992 3274 1152 3365 Tempo-

125 3394 228 3460 rum,
253 3368 295 3444 dt
319 3366 560 3442 recentissimit
580 3366 798 3463 temporibus
819 3370 976 3463 scriptus.
1002 3372 1153 3471 Quartus

122 3472 183 3565 qui
205 3470 313 3543 nobis
334 3466 486 3551 dicitur,
511 3465 694 3562 partimin
721 3466 930 3540 Membrana
954 3474 1081 3561 partim
1107 3472 1144 3543 io

125 3570 259 3643 Charta
271 3566 424 3661 scriptus
437 3562 506 3652 est,
529 3564 610 3638 satis
625 3562 775 3651 nitidum
790 3563 827 3637 dt
841 3568 887 3635 ob
900 3566 935 3637 id
951 3567 1060 3639 etiam
1074 3590 1147 3639 ma·

129 3668 184 3764 gir
201 3663 530 3750 commendandus,
548 3662 642 3758 quod
659 3680 796 3755 praeter
814 3684 982 3759 excerpta
1000 3686 1044 3738 ex
1061 3666 1154 3738 Oro·

130 3762 201 3849 lio,
220 3764 306 3837 Roli
320 3758 424 3835 Festi
440 3760 620 3835 contineat
634 3758 876 3853 Breviarium,
900 3760 970 3859 quo
990 3762 1097 3836 etiarn
1116 3788 1155 3839 o·

133 3858 297 3935 filumot.
322 3861 470 3935 Verum
486 3858 619 3932 libellus
639 3858 701 3933 bic
715 3862 823 3955 quiin
840 3868 890 3942 8⁰.
914 3861 1061 3959 scriptus
1081 3860 1156 3953 est,

128 3979 203 4042 nou
221 3957 456 4058 progreditur
472 3955 506 4034 in
526 3957 808 4102 Eutropippltra
823 3977 975 4039 mortem
989 3958 1027 4036 dt
1042 3959 1155 4057 sepul·

608 4104 614 4113 ·
747 4078 771 4153 5
1038 4078 1154 4137 turam
1244 4074 1248 4091 ·
