2875 4650
293 350 362 437 „9⁶
477 338 771 425 uuanoen
820 336 979 428 nisa.
1027 340 1171 419 nom.

309 519 364 593 nis
384 515 583 613 petierunt:
610 537 712 615 quam
737 523 755 559 ¹¹
769 536 848 588 eum
867 515 1023 613 Regulus
1047 518 1158 591 nollet
1181 516 1243 593 nili
1262 518 1322 597 do·

308 613 443 689 rissimis
456 614 717 689 conditionibus
736 613 818 687 dare
839 667 854 704 ‚
874 625 892 659 ⁰
911 612 991 687 Afri
1012 616 1178 689 auxilium
1215 642 1236 692 a
1257 623 1321 693 La·

298 713 545 787 'cedaemoniis
566 713 763 809 petierunt:
790 710 865 784 ¹²&
893 710 981 785 duce
1006 712 1242 809 Xanthippo,
1265 719 1323 813 qui

308 836 330 885 a
346 806 631 883 Lacedaemoniis
643 805 758 882 milius
772 807 885 882 fuerat
893 802 1154 899 ‚Romanorum
1169 812 1240 887 dux
1254 817 1325 887 Re·

308 914 408 1005 galus
433 907 545 980 vitius
566 908 616 980 est
645 908 768 979 ultima
792 906 962 1005 pernicie.
1011 908 1108 980 Nam
1133 909 1326 989 duo'millia

311 1018 479 1079 itantum
495 1024 560 1083 ex,
577 1004 672 1081 omni
698 1000 860 1077 Romano
887 1007 1046 1077 exercitu
1070 1028 1083 1063 r
1104 1004 1327 1105 refugerunt;

312 1106 530 1205 *quingenti
565 1126 644 1177 cum
677 1104 886 1201 imperatore
923 1102 1063 1199 Regulo
1100 1106 1198 1201 capti
1232 1108 1326 1179 sunt:

490 1294 728 1363 Vastan
788 1287 1146 1365 La'earonas.

350 1440 371 1556 Β
389 1412 633 1569 &nddlssigmgh
648 1488 711 1548 Bat.
726 1506 752 1548 1.
779 1488 878 1547 oLac.
894 1499 957 1545 oua.
971 1477 1005 1544 L.
1021 1488 1053 1544 B.
1067 1502 1095 1558 4.

319 1599 327 1612 .
350 1588 370 1649 p
389 1572 425 1629 Et
438 1568 506 1625 Dux
519 1567 602 1626 adlata
616 1561 652 1635 i?
667 1584 714 1623 res
737 1566 883 1639 Xantippm
899 1566 965 1639 :qui
983 1582 999 1618 o
1013 1561 1225 1621 Lacedaemoniis
1236 1564 1331 1643 missus

314 1652 357 1711 llll
370 1642 486 1724 praefuit
501 1646 589 1713 helio,
614 1643 688 1715 tajm
703 1638 740 1713 δ”
752 1640 836 1700 histor
842 1638 912 1718 suit.
947 1636 1117 1697 Rtmmrutn
1137 1638 1195 1698 dux
1207 1640 1333 1717 Regulus

312 1726 424 1786 vidiae
462 1724 499 1781 V.
520 1716 557 1789 δ’
570 1740 587 1777 o
602 1718 663 1777 dact
677 1718 711 1777 L.
725 1718 760 1777 B.
775 1733 801 1775 2.
815 1734 844 1790 4.

353 1820 374 1876 q
418 1812 506 1857 aruum
524 1798 652 1854 bominum
665 1796 699 1853 L.
712 1796 774 1853 Bat.
796 1810 822 1851 1.

352 1898 367 1937 r
385 1874 471 1935 Deest
487 1874 518 1932 F.
537 1874 582 1931 Al.
595 1868 777 1949 temnsetunt.
801 1927 806 1939 ,

355 1972 369 2014 s
389 1952 538 2034 Qpiagenli
551 1950 621 2025 copti
635 1946 726 2023 Lugd.
739 1944 772 2006 B.
790 1943 982 2079 issm'if‘iif
997 1960 1021 2017 3.
1041 1940 1078 2001 G.
1094 1944 1127 2001 B.
1141 1947 1182 2005 N.
1197 1948 1244 2007 M
1257 1947 1290 2005 F.
1297 1946 1333 2024 V.

318 2032 369 2093 Gr.
388 2032 463 2091 HM.
481 2028 518 2087 Et
539 2022 574 2083 fic
599 2024 698 2101 Polyb.
725 2021 782 2083 Sed
799 2022 866 2081 hinc
885 2038 972 2097 uque
991 2018 1028 2079 ad
1046 2018 1133 2080 XXX.
1156 2026 1246 2083 millia
1263 2014 1336 2083 dalet

313 2106 353 2168 Ἰ..
362 2110 395 2169 Β.
405 2126 433 2181 4.
449 2104 524 2178 vulg.
543 2100 689 2175 quindecim
701 2101 835 2159 millia...
850 2110 933 2173 capta.

679 2232 713 2305 N
754 2256 776 2303 o
816 2254 840 2303 a
880 2256 901 2303 a
943 2250 995 2305 n..

321 2409 343 2445 e.
360 2397 384 2444 8.
406 2383 465 2441 dicit
479 2384 590 2438 Liinlll.
613 2387 646 2435 Αἱ
664 2386 723 2436 liar.
747 2381 812 2435 vlu.
849 2382 922 2433 Unde
949 2383 1049 2435 eoados
1073 2386 1282 2450 Carthaginienses
1296 2388 1342 2437 elr-

316 2459 355 2514 ‚V.
375 2457 395 2506 l.
413 2469 435 2502 c.
462 2465 502 2513 40.
523 2461 650 2499 numerum
669 2451 707 2498 ad.
720 2451 813 2498 lactata
850 2444 1001 2507 cumspicere
1018 2451 1066 2497 alia
1084 2453 1186 2502 auxilia.
1209 2453 1340 2501 Redietunt

323 2531 402 2578 anget.
418 2517 458 2566 led
467 2515 524 2562 vide
540 2511 574 2561 ibi
583 2514 679 2561 Cotntn.
690 2513 813 2560 Cellarlus
851 2523 932 2559 autem
949 2512 979 2560 iis
1003 2512 1091 2562 diebus
1108 2515 1281 2575 Cartltapinem
1298 2515 1339 2562 tal·

322 2585 460 2638 inutraque
478 2575 728 2636 Editionesuamti&
743 2575 813 2624 Fabri
850 2575 906 2622 lltes
929 2574 1042 2633 Graeci,
1068 2579 1092 2623 dt
1113 2577 1138 2624 in
1164 2579 1195 2627 iis
1209 2579 1341 2636 xantippus

323 2639 820 2700 lillaLllxlll.quamtanen&Metapa:
851 2632 949 2696 quidam
966 2638 1194 2700 Lacedaemonius,
1209 2641 1246 2689 rei
1260 2641 1343 2688 milita·
1411 2642 1412 2649 ’

322 2707 496 2764 “icamiam
540 2703 812 2765 ‘alaapmlleataatm
851 2700 884 2748 ris
900 2699 1068 2759 perititnmus,
1089 2701 1132 2760 qui
1155 2707 1233 2762 plane
1255 2704 1343 2752 alleve-

358 2771 413 2818 lim
430 2722 567 2831 uitlifflll
579 2765 721 2825 pttgnatnad
732 2763 814 2812 Adim.
851 2761 932 2822 ravit,
948 2763 1036 2810 ductim
1052 2763 1146 2822 ignavia
1160 2765 1341 2825 Carthaginien-

322 2835 406 2884 Gffi
851 2825 1342 2887 iihuseladetnhanccontigilseaauavo·

358 2899 437 2944 Pacem
453 2907 468 2938 a
484 2885 743 2952 Rmanlspetieranra]
757 2885 815 2948 Qui·
854 2899 883 2935 ce
900 2888 998 2950 audita,
1030 2889 1237 2948 Carthaginenses
1260 2901 1342 2950 rogate
1410 2944 1411 2951 ἵ

326 2961 382 3008 dam
406 2956 472 3011 aiunt
496 2955 526 3000 ab
542 2951 595 3010 ipso
620 2951 714 3008 Regulo
730 2963 817 3009 pacem
854 2953 934 2998 vlruth
947 2964 990 3008 ,ut
1006 2951 1108 3011 trepidis
1124 2956 1201 3003 rebus
1221 2955 1343 3003 succurre·

326 3024 364 3070 eis
382 3020 503 3072 oblatam,
527 3026 559 3061 ne
577 3012 674 3061 allusio
689 3011 742 3068 ejus
759 3013 817 3062 belli
856 3025 901 3061 ret
916 3014 982 3070 quod
1000 3012 1043 3060 ille
1062 3015 1187 3074 intrepide
1202 3016 1344 3074 foeminu-

323 3085 424 3146 glorimu
448 3085 566 3136 ueniret,
590 3075 630 3124 sed
649 3077 682 3124 ob
698 3076 819 3125 duriores.
854 3076 943 3135 gaique
961 3086 1039 3136 pugna
1052 3077 1195 3128 Romanum
1211 3079 1343 3127 exercitum

304 3144 485 3196 -eondltiones
505 3139 668 3200 repudiatam.
690 3141 722 3187 Α.
743 3139 769 3187 F.
796 3140 819 3186 dt
855 3139 922 3186 vicit.
937 3150 993 3187 curn
1006 3139 1038 3186 lt.
1054 3141 1178 3198 equitlbus
1193 3138 1343 3201 fugienslle·

328 3211 431 3259 pappam,
854 3202 939 3260 gulas,
961 3213 1017 3249 eum
1033 3213 1103 3249 antea
1119 3205 1237 3252 misereri
1254 3207 1345 3260 nollet,

384 3287 434 3318 raam
459 3283 507 3314 aaut
525 3265 621 3326 Regalat
637 3263 702 3312 nollet
725 3261 768 3322 ulfi
779 3261 819 3309 da·
854 3263 905 3322 ipse
914 3263 938 3310 in
949 3262 1068 3310 miseriam
1077 3266 1155 3316 venit.
1166 3267 1256 3380 uolylg
1266 3269 1345 3314 Gran.
1409 3322 1410 3325 Ἴ

329 3339 353 3386 ri
374 3338 416 3382 'mit
433 3325 605 3388 conditionibus]
621 3327 660 3373 De
681 3325 716 3372 M.
733 3325 819 3374 attilio
887 3325 1132 3394 Eldatall'aatbippa]
1148 3329 1208 3380 Non
1229 3329 1245 3380 s
1258 3327 1344 3389 10,ΐώ

327 3399 424 3458 Regulo
452 3397 523 3450 longe
551 3393 622 3437 allter
644 3391 728 3437 author
752 3399 819 3446 prae·
857 3400 931 3447 quem
948 3393 1073 3446 staalda«,
1090 3390 1345 3453 vaticam-maurit

330 3475 375 3510 cus
391 3456 505 3514 Polybius
515 3465 585 3510 quam
603 3451 681 3500 Latini
700 3453 820 3498 authores.
857 3452 938 3510 malti,
951 3452 976 3500 in
995 3451 1098 3501 Graecia
1113 3455 1253 3516 eondutffl,
1264 3455 1345 3514 seque·

329 3525 474 3586 Quanquam
494 3521 576 3564 lotum
590 3513 620 3564 de
640 3513 820 3561 eondltionlbns
857 3515 952 3563 bantur.
980 3515 1067 3571 Polyb.
1083 3531 1100 3565 ι.
1118 3529 1158 3574 aa.
1174 3519 1255 3570 Cana.

329 3587 395 3636 inter
419 3582 537 3640 Regulum
569 3591 599 3626 ac
623 3576 821 3633 Carthaginenses
886 3579 954 3638 Quia
962 3577 1152 3643 lacedaemoniis]
1166 3581 1223 3629 imo
1231 3593 1286 3628 eam
1296 3575 1347 3625 aliis

329 3651 436 3710 primum
460 3640 582 3698 trahatis,
605 3641 630 3687 in
647 3640 750 3697 Polybio
768 3652 818 3687 tna·
857 3640 972 3688 militibus
994 3641 1097 3690 Graecis
1124 3644 1151 3692 in
1178 3643 1290 3692 Africana
1306 3652 1346 3687 ve·
1408 3640 1409 3693 l

327 3715 353 3761 le
380 3708 475 3756 versum
502 3715 570 3762 pato.
606 3701 634 3749 ln
665 3705 712 3750 hoc
737 3713 819 3750 tamen
857 3713 934 3750 aetat.
949 3703 1029 3752 Grau.
1408 3698 1409 3705 ’

326 3775 448 3832 discrepat
476 3779 530 3815 cum
555 3764 663 3824 Latlnis,
686 3767 753 3822 quod
769 3763 819 3811 Re·
886 3763 1111 3828 Alacedaeatom't's]
1126 3767 1186 3816 lloe
1199 3767 1287 3826 Polyb.
1300 3773 1348 3812 aon

295 3885 299 3898 ,
328 3840 410 3899 gitium
424 3833 587 3888 dicatparnm
603 3837 739 3876 memorem
752 3826 819 3874 fulil'e
857 3829 938 3876 habet
953 3828 1035 3875 Gtatt.

325 3904 484 3950 humanarum
503 3890 666 3940 calamitatum
692 3902 723 3937 ae
743 3888 819 3936 fortu-
888 3891 956 3938 illata·
971 3892 1015 3939 dua
1029 3889 1122 3954 aalide]
1141 3889 1290 3940 Hocetiata
1304 3887 1348 3937 Pu·

327 3971 442 4019 aarum,
465 3956 534 4004 nimis
563 3955 634 4000 duras
666 3951 820 4000 conditiones
857 3953 907 4011 lyb.
923 3954 1000 4000 Gnate.

328 4019 559 4080 Carthaginiensibus
578 4013 711 4073 obtulisse,
732 4025 781 4062 nee
805 4027 819 4062 a
889 4012 1057 4080 Refugcraaral
1071 4017 1212 4076 clypeam,
1225 4014 1351 4068 ahaida·

327 4085 448 4151 pertiaael
473 4081 597 4143 propohta
625 4075 690 4127 hethi
707 4076 820 4140 potuille.
858 4080 940 4131 calla.
964 4079 986 4132 ot
1007 4066 1106 4139 qal‘tleta
1121 4079 1351 4185 πψὴῖημηέ
