2875 4650
304 307 413 388 m
543 289 1117 381 PRAEFATIO.

304 457 443 551 omisit
507 455 591 545 Alii
628 458 671 542 in
705 481 797 542 eum
835 457 998 546 nimium
1033 455 1158 545 infesti
1196 453 1343 578 Juliani

304 571 487 672 iniuriosis
511 569 635 682 ὅμὲᾐ
663 569 852 680 asperim
874 593 1051 676 vocant,
1089 572 1153 658 cui
1185 577 1340 682 etiam,

305 715 422 800 quam
441 681 701 774 Constantino
720 683 780 772 M.
798 681 1048 771 addisllorern
1066 685 1336 790 contendunt,

305 799 414 912 quod
444 825 469 883 a
498 823 592 884 uero
619 791 740 883 abelse
775 792 888 884 facile
926 796 1177 885 demonstrari
1205 797 1337 907 pollet

304 911 423 1028 sophi
454 937 517 1000 am
546 927 689 996 vocant
709 935 798 994 cum
820 907 940 997 Suida
967 914 1057 1013 alii,
1083 909 1341 1021 eumdemque

304 1025 493 1130 credunt,
520 1019 571 1110 ad
599 1048 712 1132 quem
739 1019 783 1105 dt
810 1018 966 1133 dequo
1000 1023 1153 1110 Libauii
1187 1023 1341 1111 exstant

5 1163 6 1170 ¹
175 1171 195 1226 ,·
241 1180 246 1200 =
304 1136 520 1248 epistolae,
557 1132 622 1222 ubi
651 1155 781 1219 tamen
812 1137 874 1220 Cl.
903 1134 1078 1223 Wolfiur
1108 1163 1214 1224 nunc
1246 1139 1335 1224 No-

305 1250 424 1338 strum
453 1249 613 1335 ind'nari
654 1246 860 1349 observat,
912 1275 1018 1345 nunc
1049 1251 1164 1335 alium
1202 1275 1336 1360 quem-

304 1363 419 1450 dam:
447 1357 514 1448 etsi
544 1360 727 1447 omnibus
758 1358 803 1444 iis
833 1360 927 1446 locis
953 1358 1155 1472 expense,
1191 1363 1339 1472 semper

305 1504 406 1564 uuus
426 1475 604 1583 idemque
643 1473 805 1585 intelligi
834 1474 926 1558 mihi
954 1477 1050 1561 visus
1075 1474 1164 1580 est,
1198 1495 1241 1561 ut
1266 1497 1336 1561 aut

305 1589 450 1698 ubique
472 1585 615 1674 Noster
631 1585 835 1690 obruerat,
863 1607 929 1672 aut
952 1614 1151 1699 nusquam.
1210 1587 1337 1674 Sic&

303 1701 496 1792 Nostrum
535 1696 641 1800 csse,
693 1725 807 1806 quem
848 1697 1016 1814 Gregor.
1060 1699 1339 1785 Nazianzenus

304 1815 501 1926 Magnum
518 1809 708 1922 adpellat,
735 1807 924 1920 Afiaeque
942 1814 1224 1899 Proconsulem'
1243 1811 1335 1898 facit

303 1931 441 2016 Amm.
462 1925 739 2026 Marcellinus,
767 1922 929 2011 credunt
950 1926 1048 2011 alii:
1087 1953 1166 2035 quo
1203 1947 1332 2011 autern

304 2039 407 2126 suam
434 2037 660 2147 opinionem
693 2033 905 2140 stabiliant,
932 2063 1015 2122 non
1044 2038 1171 2125 video.
1228 2041 1333 2123 Corn

291 2151 561 2250 luctamen,
590 2147 665 2233 srve
694 2149 758 2233 ille
784 2149 862 2252 est,
893 2151 934 2234 in
963 2175 1076 2260 quern
1097 2149 1334 2238 Claudianus

123 2321 125 2327 ·
306 2261 481 2350 inveslus
509 2261 592 2363 est,
629 2263 836 2370 Eutropius
861 2263 1097 2367 Eunuchus,
1132 2260 1209 2349 stre
1236 2266 1335 2350 alius

304 2380 416 2487 quia,
453 2376 631 2463 consusus
654 2377 714 2459 vel
743 2378 821 2463 Vir
849 2376 1086 2490 Clariffimus
1114 2374 1244 2480 audit,
1270 2380 1333 2461 sel

307 2494 386 2581 Vrr
399 2490 646 2603 Consularis,
673 2486 779 2599 quod
801 2508 1003 2598 utrumque
1023 2508 1139 2575 notae
1151 2492 1197 2571 V.
1211 2492 1258 2575 C.
1289 2490 1332 2572 in

304 2602 433 2689 Codd.
455 2604 652 2687 nonnullis
671 2621 841 2709 repertae
859 2597 1081 2714 significant
1142 2604 1215 2685 Ubi
1235 2628 1331 2685 vero

303 2715 356 2803 ad
377 2716 695 2802 Valentinianum
721 2712 764 2795 dc
780 2716 985 2799 Valentem
1005 2713 1181 2825 processit
1209 2716 1232 2827 (
1241 2738 1332 2798 nam

303 2834 404 2915 male
430 2827 480 2913 ad
500 2830 643 2947 Juliani
674 2847 836 2912 mortem
867 2854 987 2937 usque
1006 2822 1179 2938 scripstlle
1198 2830 1251 2910 ait
1274 2828 1334 2912 Si·

305 2942 468 3057 gonius)
488 2938 590 3026 aliud
612 2966 710 3047 opus
730 2939 1059 3048 promittit‚quod
1076 2968 1128 3025 an
1148 2964 1332 3049 umquam

303 3054 505 3163 scripserit,
532 3052 614 3162 quis
641 3053 774 3137 dicat?
815 3054 912 3139 lnde
942 3076 1071 3137 taruen
1093 3050 1236 3137 fadlum
1263 3079 1335 3161 pu·

304 3186 411 3269 tem,
439 3186 482 3273 ut
501 3168 609 3276 plura
635 3166 669 3249 ei
689 3190 806 3273 opera
824 3194 847 3249 a
862 3164 980 3251 Suida
1001 3166 1156 3274 aliisque
1186 3162 1338 3270 adjudi-

303 3298 464 3387 centur,
491 3276 816 3390 quemadmodum
840 3304 953 3381 euru,
982 3305 1095 3390 quern
1123 3278 1333 3363 Priscianus

302 3410 516 3494 memorat,
564 3390 750 3478 Nostrum
776 3388 849 3476 esse
877 3393 1070 3477 Hearuius
1097 3391 1244 3491 censet,
1272 3386 1335 3473 di-

304 3503 575 3621 llingueodutn
595 3529 688 3589 vero
707 3502 848 3611 judicat
859 3502 1024 3590 Vossius.
1084 3505 1200 3589 Certe
1221 3500 1335 3605 illud,

304 3618 411 3730 quud
429 3616 640 3729 promittit,
667 3617 763 3702 nihil
781 3621 859 3703 tale
873 3616 1041 3715 indicat,
1059 3618 1121 3702 sed
1138 3642 1198 3703 res
1215 3614 1335 3701 aVa·

303 3732 517 3819 lentiniano
553 3730 596 3815 dc
626 3730 792 3816 Valente
824 3728 957 3843 gestas.
1014 3727 1148 3816 Exstat
1174 3723 1334 3839 quidem

302 3845 525 3957 opusculum
566 3841 761 3953 quoddam
800 3843 903 3931 hunc
937 3844 1091 3929 titulum
1113 3839 1333 3956 praeferens

302 4014 332 4064 „
361 3958 540 4073 Eutropii
566 3956 747 4070 Epitome
769 3956 867 4045 Belli
887 3956 1051 4069 Gallici,
1075 3982 1126 4047 ex
1155 3954 1337 4044 Suetonii

1160 4066 1340 4176 ”Tune
