2875 4650
126 4064 131 4073 ,
264 3969 269 3978 ’
296 4038 301 4059 r
327 3996 541 4077 avidesupra.

506 211 1080 377 xTasrrmourn.

228 425 232 432 ’
298 459 379 513 cum
401 434 467 508 alia
488 430 685 529 quaedam,
718 428 846 503 eodem
867 425 981 519 teste,
1011 447 1086 506 tum
1109 430 1319 510 breuiarium

297 531 427 628 scripsit
446 553 559 604 rerum
580 532 819 602 Romanarum
841 529 895 598 ab.
916 525 965 600 V.
984 525 1023 599 C.
1050 553 1158 626 usque
1180 532 1221 602 ad
1244 535 1270 603 F
1272 536 1320 606 la·

295 635 396 708 vium
417 631 606 702 Valentem
625 626 845 722 Augustum,
869 623 926 700 cui
944 621 983 698 ἅ
1002 649 1088 722 opus
1109 627 1205 702 suum
1225 631 1318 704 dica·

295 731 364 805 viu
417 725 582 802 Militasse
600 726 635 799 se
652 726 703 798 ait
721 726 779 797 sub
797 725 954 822 Juliano,
981 743 1085 818 atque
1101 727 1321 821 expeditioni

296 829 373 924 ejus
392 827 427 900 in
449 825 566 898 Persas
587 820 794 896 interfuisse.
846 822 928 922 Quo
948 817 1182 916 &pertinent
1206 827 1321 900 verba

299 925 446 1018 Georgii
463 921 592 996 Codini
608 924 644 996 in
661 917 807 995 Seleslis
822 921 866 993 de
891 927 909 976 ⁴
931 919 1135 1016 Originibus
1150 919 1334 996 constan..

296 1021 626 1115 stantinopolitanis.
680 1019 819 1090 Laudat
833 1041 918 1091 vero
933 1039 1013 1090 eum
1029 1017 1153 1091 testem
1168 1020 1202 1093 in
1218 1025 1324 1096 rebus

296 1116 515 1194 Constantini
531 1119 679 1214 Magni,
702 1139 792 1212 quae
808 1117 918 1189 oculis
933 1114 999 1190 suis
1020 1115 1143 1192 vidisse
1159 1141 1237 1190 eum
1258 1123 1321 1192 ait.

297 1217 418 1316 Atque
442 1239 487 1290 ex
503 1217 557 1289 hia
572 1233 671 1310 patet
686 1239 784 1290 error
797 1215 991 1288 Ptolomaei
1017 1213 1258 1314 [Lucensrs,]
1283 1217 1323 1291 ἀ

297 1315 403 1414 hujus
425 1317 459 1390 se
483 1312 691 1387 aussoritate
713 1315 844 1385 tuentis
864 1313 1050 1405 Raphae'lis
1072 1311 1323 1407 Volaterrani,

299 1419 359 1510 qui
383 1413 589 1510 Eutropium
616 1411 712 1484 hunc
735 1409 834 1484 luisse
859 1429 1024 1508 putarunt
1047 1410 1252 1506 discipulum
1283 1417 1321 1486 B.

297 1510 495 1609 Augustini.
548 1511 650 1611 Quae
663 1507 700 1582 dr
716 1507 889 1584 sententia
902 1508 951 1582 esi
969 1508 1134 1596 Gesneti,
1159 1507 1196 1583 dr
1211 1509 1322 1584 Eisrn·

296 1611 403 1707 grinii
413 1662 426 1699 ,
451 1606 490 1682 dc
506 1609 689 1682 Theodori
705 1607 894 1700 Zuingeri,
911 1607 1059 1679 Theat'ri
1075 1605 1123 1682 sui
1140 1611 1323 1683 uolumine

296 1711 367 1784 Vs.
393 1708 473 1782 Lib.
492 1707 536 1780 11.
563 1707 607 1780 ad
634 1707 721 1780 haec
742 1703 918 1782 Pollevini
939 1705 974 1779 in
996 1707 1177 1800 Apparatu
1201 1707 1322 1796 sacro,
1420 1771 1421 1776 ,

294 1826 401 1903 atque
415 1806 574 1879 aliorum.
597 1807 640 1878 ln
660 1825 815 1877 errorem
828 1825 1027 1877 omneseos
1044 1805 1200 1898 impulit,
1226 1807 1323 1900 quod

213 1975 217 1981 .
296 1903 501 2000 Gennadius
517 1904 551 1975 in
567 1901 746 1976 illustrium
759 1902 923 1976 Virorum
937 1901 1099 1998 catalogo
1114 1905 1323 1998 Eutropium
1420 1929 1421 1969 ;

294 2002 473 2102 quendam
489 1997 638 2085 reserat,
662 2000 706 2074 de
721 2023 791 2098 quo
808 2001 900 2072 bunc
915 2000 951 2071 in
971 2001 1115 2073 modum
1130 2003 1221 2094 apud
1238 2027 1322 2075 eum
1420 2026 1421 2069 1

293 2101 441 2199 legitur:
468 2151 494 2190 „
519 2099 709 2190 Eutropius
724 2100 905 2193 presbyter
923 2095 1053 2190 scripsit
1069 2098 1112 2171 ad
1128 2101 1211 2172 duas
1226 2098 1321 2173 soro·
1420 2163 1421 2170 ,

296 2246 323 2291 ‚,
347 2221 423 2285 res,
447 2197 589 2271 ancillas
613 2195 759 2282 Christi,
784 2217 873 2292 quae
898 2197 945 2270 ob
968 2196 1194 2272 devotionem
1217 2199 1322 2293 pudi·
1346 2226 1348 2232 ’

296 2350 321 2391 ,,
346 2296 472 2384 citiae,
498 2291 711 2369 &amorem
730 2293 928 2391 religionis,
954 2293 1185 2369 exheredatos
1202 2299 1280 2370 sunt
1299 2297 1322 2371 'a

296 2448 323 2488 ‚,
348 2393 574 2490 parentibus,
599 2392 759 2487 epistolas
775 2392 809 2465 in
827 2390 969 2465 modum
989 2390 1182 2467 libellorum
1198 2398 1323 2470 conso·

294 2545 325 2585 „
351 2494 518 2579 latorias,
544 2492 700 2589 eleganti
721 2489 757 2564 dr
781 2510 903 2584 aperto
929 2492 1087 2564 sermone
1108 2490 1217 2579 duas,
1244 2516 1318 2567 non

294 2644 320 2679 „
345 2590 455 2663 solum
469 2591 625 2669 rarione,
642 2589 821 2663 sedetiam
839 2588 1046 2663 testimoniis
1061 2590 1320 2683 Scripturarum

293 2740 320 2783 „
345 2692 495 2761 munitas
519 2684 540 2714 ”
590 2686 760 2759 Meminit
784 2704 902 2759 autem
921 2687 995 2777 eius
1016 2686 1218 2761 Gennadius
1239 2689 1320 2784 post

293 2786 550 2882 Anguillnum,
570 2784 753 2872 Orosrum,
777 2785 875 2860 alios.
903 2784 1011 2857 Hunc
1026 2785 1076 2858 illi
1093 2784 1162 2859 effe
1180 2790 1320 2861 brevia·

290 2887 336 2961 rii
351 2884 556 2977 scriptorem
572 2883 805 2959 crediderunt.
840 2880 909 2955 Sed
926 2898 1086 2979 tempora
1100 2904 1318 2982 repugnant,
1419 2938 1420 2959 2

293 3006 377 3057 com
395 2978 514 3055 auslor
534 2980 723 3063 breviarii,
751 2978 987 3067 Constantini,
1014 2982 1088 3077 ejus
1104 2982 1320 3074 liberorum,

292 3079 440 3179 Juliani,
461 3078 625 3171 Joviani,
648 3076 686 3149 dr
703 3078 865 3153 Valentis
881 3081 1094 3175 temporibus
1110 3081 1255 3155 vixerit:
1282 3104 1321 3159 at

290 3201 364 3255 non
383 3180 470 3251 item
489 3174 670 3261 Gratiani,
697 3194 758 3249 aut
778 3176 969 3251 Theodosi
985 3201 995 3261 ;
1019 3179 1139 3252 saltem
1162 3200 1233 3253 non
1252 3180 1323 3253 Ar·

292 3277 404 3364 eadii,
428 3272 470 3347 dt
483 3270 653 3349 Honorii:
678 3292 717 3344 ut
733 3272 928 3370 Augustino
941 3272 1011 3347 elle
1022 3274 1139 3370 junior
1154 3298 1222 3350 non
1239 3298 1322 3372 pos-

292 3375 345 3448 srt.
397 3371 545 3444 Adbaec
563 3370 620 3443 ille
638 3370 825 3445 Gennadio
842 3391 1054 3447 memoratus
1072 3377 1259 3469 presbyter
1279 3400 1318 3450 e·

201 3555 207 3565 ,
292 3490 365 3547 rat:
390 3488 427 3544 at
445 3468 504 3542 lric
523 3492 567 3541 an
585 3466 799 3544 Christianus
815 3468 942 3561 suerit,
967 3472 1093 3547 merito
1109 3474 1322 3570 ambigitur,

291 3592 375 3644 cum
399 3570 547 3643 reticeat
569 3567 845 3643 Christianorum
869 3570 1130 3666 persecutiones
1149 3570 1193 3643 X.
1220 3596 1264 3647 ac
1281 3574 1321 3649 in

291 3665 448 3768 Joviano
473 3684 595 3761 aperte
617 3666 759 3739 suadeat
781 3664 973 3762 perfidiam.
1026 3669 1108 3744 Scio
1131 3667 1225 3757 effe,
1258 3671 1322 3769 qui

282 3763 525 3887 ¹Christianum
542 3760 643 3839 suilse
659 3766 829 3865 colligant
845 3766 994 3859 exinde,
1007 3768 1100 3865 quod
1117 3770 1161 3845 de
1177 3768 1323 3941 Julisano
1418 3858 1419 3865 Ν

1253 3890 1321 3943 ert·
1418 3884 1419 3947 l
