2875 4650
495 292 1123 371 DEDICATIONES

298 453 390 528 llaec
405 448 545 534 anniam
562 447 776 537 offerantur,
795 449 853 522 Te
871 447 1013 544 dignior
1031 449 1151 522 animo
1163 467 1326 522 occurre·

300 560 361 626 bat
371 553 451 640 ,Te
465 553 626 646 inquam,
640 573 745 645 quem
762 572 824 645 par
838 547 888 620 est
906 568 942 620 ut
959 549 1053 620 orbis
1067 548 1222 624 eruditus
1236 551 1328 620 sum-

285 675 395 736 ,mum
413 647 589 724 Historiae
601 647 909 742 &chronologiae
921 647 1086 719 arbitrum
1105 643 1328 744 agnoscat&

298 751 477 823 statorem.
526 745 623 821 Mihi
645 745 718 818 hoc
743 745 787 819 de
812 745 869 816 Te
893 745 1113 842 praedicanti
1138 745 1246 818 fidem
1271 745 1324 818 la·

299 848 399 920 ciunt
422 869 477 918 tot
501 843 641 918 illustria
663 843 800 940 ingenii
826 843 897 914 Tui
922 861 1175 931 monumenta,
1199 846 1330 940 quibus

298 947 507 1020 interiorum
528 943 707 1016 literarum
731 945 884 1016 cultores
906 941 991 1014 Tibi
1011 943 1044 1012 in
1061 960 1244 1014 aeternum
1261 942 1328 1014 de·

300 1043 464 1119 vinxisti:
481 1043 668 1138 praecipue
679 1060 798 1114 autern
808 1041 1004 1114 immortale
1016 1039 1098 1112 illud
1113 1038 1244 1138 opus&
1256 1043 1330 1136 pla·

299 1167 347 1214 ne
371 1143 552 1230 divinum,
579 1141 672 1236 quod
695 1141 741 1214 de
763 1138 878 1237 Cyclis
899 1141 1071 1213 Veterum
1090 1161 1171 1212 curn
1187 1138 1329 1235 ingenti

301 1241 518 1313 eruditurum
541 1235 716 1332 plausu&
739 1238 974 1312 admiratione
997 1238 1087 1310 lraud
1114 1238 1165 1308 ita
1188 1236 1329 1330 pridem

299 1337 449 1411 edidisti.
505 1339 547 1408 ln
583 1339 654 1410 hoc
688 1337 855 1434 quicquid
884 1335 1057 1432 Sigonio,
1103 1337 1329 1430 Onuphrio,

300 1431 499 1534 scaligero,
524 1435 694 1523 Petavlo‚
721 1434 866 1532 Figulo,
892 1439 1111 1530 caeterisque
1130 1435 1337 1508 Chronolo·.

301 1559 427 1628 gotum
445 1533 660 1628 principibus
676 1535 941 1628 arduumatque
956 1531 1115 1605 abditum
1133 1534 1243 1607 vilum
1254 1532 1329 1623 est,

300 1626 481 1726 praeclare
504 1635 594 1704 adeo
614 1631 803 1720 illustrasti,
829 1651 867 1702 ut
883 1630 975 1724 apud
993 1655 1121 1724 aequos
1136 1654 1252 1704 rerum
1269 1655 1330 1704 ae·

299 1732 497 1804 stimatores
513 1731 549 1803 in
573 1728 734 1803 conlello
751 1729 813 1818 stt,
839 1731 927 1802 nihil
944 1729 987 1802 ad
1005 1729 1201 1804 illiusmodi
1216 1729 1329 1802 studia

300 1829 523 1900 emendanda
535 1828 671 1920 judicio
689 1829 772 1902 Tuo
791 1826 944 1902 exactius
958 1827 1045 1914 elle,
1072 1846 1130 1900 aut
1146 1828 1187 1901 ad
1200 1829 1328 1902 illaau·

300 1928 418 2022 genda
433 1925 471 2000 dt
486 1927 734 2021 amplificanda
749 1926 894 2024 ingenio
911 1927 946 1999 Τ
949 1950 994 1998 uo
1010 1925 1195 2016 copiosius.
1229 1929 1328 1998 lnter

300 2025 458 2099 nudiores
472 2045 589 2098 autem
599 2077 622 2122 ,ἱ
635 2027 761 2118 quibus
774 2025 935 2122 legendis
950 2025 1144 2098 edendirve
1159 2024 1231 2098 usui
1254 2047 1327 2099 non

299 2127 431 2219 exiguo
453 2123 522 2196 elle
547 2124 661 2218 potest
684 2124 802 2194 Tuum
825 2122 914 2195 istud
936 2141 1136 2220 temporum
1153 2125 1326 2198 Rationa-

297 2225 408 2309 rium,
432 2220 484 2294 fas
500 2223 588 2294 milri
606 2221 646 2293 fit
663 2244 848 2295 numerare
862 2222 1091 2316 Eutropium,
1104 2223 1163 2321 qui
1179 2223 1262 2296 licet
1278 2245 1326 2296 et

299 2319 446 2415 optimis
459 2318 774 2417 probatiffimisque
787 2321 967 2395 annalibus
978 2344 1031 2397 res
1048 2324 1125 2415 plus
1142 2346 1246 2419 quam
1260 2344 1323 2395 nc.

297 2442 468 2490 annorum
483 2419 517 2491 in
531 2420 681 2513 imperio
695 2422 858 2492 Romano
870 2418 983 2515 gestas
999 2424 1203 2518 collegerit,
1219 2442 1325 2515 atque

293 2516 384 2611 stylo
399 2516 596 2601 succincto,
622 2516 679 2603 dr,
706 2540 772 2611 pro
788 2519 913 2592 saeculi
930 2520 1083 2603 ratione,
1110 2520 1224 2593 nitido
1243 2521 1325 2594 satis

296 2615 336 2688 ἅ
352 2616 506 2709 eleganti
522 2614 700 2688 historiam
715 2618 958 2703 contexuerit,
990 2618 1079 2690 haud
1098 2636 1215 2690 tamen
1233 2619 1327 2692 adeo
1422 2650 1423 2680 ι

190 2731 194 2739 ·
299 2738 343 2787 ac
357 2714 560 2788 historicum
578 2713 696 2788 decuit
710 2715 754 2787 ad
772 2712 925 2787 amuffim
940 2716 1233 2814 Clrronulogicam
1248 2740 1325 2789 nar·

294 2818 452 2886 rationes
474 2814 551 2888 suas
572 2813 701 2908 exigit:
728 2814 858 2909 quippe
880 2816 993 2886 varias
1019 2816 1124 2887 Urbis
1149 2816 1328 2889 Conditae

298 2911 485 3003 Epochas,
513 2911 769 2983 Varronianam
795 2934 943 3007 nempe,
971 2914 1226 3005 Cotonianam,
1258 2916 1326 2987 Fa·

300 3012 462 3098 bianam,
483 3008 733 3103 Polybianam,
755 3008 824 3083 dre.
843 3011 1039 3104 promiscue
1051 3010 1216 3100 adhibet,
1243 3014 1326 3087 scri·

299 3128 467 3202 prorum,
494 3110 586 3179 unde
607 3108 735 3201 aliquid
761 3113 1010 3202 excerpserat,
1042 3108 1329 3206 supputationem

271 3229 275 3235 ·
299 3205 449 3279 secutus.
498 3208 581 3278 Hac
594 3227 639 3279 ex
651 3228 690 3278 re
707 3226 752 3279 ne
767 3208 849 3302 quid
863 3208 1067 3281 detrimenti
1086 3211 1227 3304 capiant
1241 3210 1329 3284 Mu·

301 3307 414 3378 sarum
438 3305 590 3393 alumni,
625 3326 719 3377 neve
742 3304 917 3379 literarum
945 3310 1118 3380 curriculo
1140 3312 1174 3381 in
1198 3307 1330 3383 foedos

204 3487 208 3496 .
299 3403 501 3500 impingant
520 3424 674 3490 errores,
701 3404 785 3475 Tuo
808 3406 929 3499 Opere
948 3408 1084 3489 abunde
1101 3428 1240 3480 cautum
1262 3407 1329 3481 est.

297 3504 369 3575 Pro
380 3501 527 3594 publico
543 3502 611 3574 hoc
623 3500 802 3575 beneficio
813 3506 945 3599 gratias
959 3506 1045 3578 Tibi
1060 3508 1330 3579 cumulatered·

301 3602 388 3672 dent
403 3600 551 3695 posteri,
565 3600 620 3675 sed
638 3624 723 3695 quas
737 3624 803 3695 pro
818 3604 853 3673 Τ
856 3628 898 3675 ua
912 3626 993 3699 erga
1006 3626 1062 3676 me
1077 3606 1331 3678 benevolentia

302 3717 420 3793 grates
438 3699 653 3793 rependam,
681 3700 771 3773 haud
790 3699 872 3775 sane
891 3702 1049 3775 invenio.
1095 3704 1186 3776 Hoc
1207 3724 1332 3777 tamen

302 3798 543 3895 qualecunque
556 3799 668 3870 cultus
686 3799 756 3871 mei
772 3798 810 3873 δι
826 3802 1070 3875 observantiae
1086 3800 1332 3878 testimonium

299 3895 389 4009 ¹Tibi
405 3895 535 3972 affero:
559 3898 652 3996 quod
668 3899 780 3974 nolim
796 3922 840 3975 ex
854 3897 962 3977 officii
978 3902 1170 3995 tenuitate,
1195 3898 1335 4077 sepob3

1253 4024 1338 4101 equs
