2875 4650
246 276 306 330 nr
357 251 1003 337 PRAEFATIONES.

95 411 333 506 corripuitque
345 407 439 505 sacer
461 424 640 482 mirantem
659 410 820 504 plurimus
844 412 952 487 horror

150 509 331 598 Piiluras,
352 532 484 602 parram
508 513 601 603 copia
621 507 715 603 larga
731 505 820 604 suit.

97 606 292 702 Praecipue
312 609 411 680 dilus
431 611 569 705 cognovi
591 624 699 680 mente
723 603 914 702 magistros,

157 707 218 778 Aa
234 709 341 778 viuum
361 709 464 802 pidos
487 707 592 778 multa
616 706 736 780 tabella
758 703 875 800 refert.

103 801 212 877 Parte
233 807 298 877 alia
313 803 436 900 sarcis
450 803 586 902 suspexi
609 820 722 894 erepta
747 807 853 876 ruinis

154 905 348 994 Murmura,
372 906 572 998 punctellus
594 903 709 995 Itala,
736 903 843 1000 Gruja
865 901 962 978 dedit.

102 1097 200 1198 Quae
220 1100 368 1196 quidem
393 1100 512 1174 omnia
534 1097 737 1195 dilingen,
762 1121 869 1196 quurn
885 1096 1151 1197 adhncanimn¹

101 1221 183 1270 meo
207 1201 477 1282 obversentur,
507 1222 578 1294 quo
602 1197 817 1292 potissimum
839 1198 981 1270 nomine
1004 1199 1129 1271 beatos

99 1317 167 1367 uos
183 1297 413 1391 praedicem,
436 1297 571 1372 Nobile
590 1320 653 1392 par
668 1298 846 1384 Fratrum,
870 1296 931 1369 vix
945 1295 1028 1368 scio.
1041 1297 1132 1370 ,Ve-

99 1395 257 1467 neranda
279 1417 405 1470 tamen
427 1397 630 1491 Antiquitas
646 1392 710 1468 sibi
726 1394 1016 1470 vindicarevelle
1032 1393 1129 1468 vide·
1187 1427 1191 1432 ·
1242 1475 1244 1482 χ

100 1511 179 1578 tur,
211 1493 314 1592 cujus
337 1512 416 1568 tarn
441 1494 640 1586 praeclarae
660 1492 846 1586 reliquiae,
871 1510 943 1564 tam
968 1494 1128 1588 multae,

99 1589 316 1666 exstrusiam
328 1592 367 1666 in
378 1593 497 1670 Villae
509 1588 827 1666 vestraevestibulo
836 1591 1012 1664 Porticurn
1024 1613 1129 1665 exor-

99 1707 207 1779 nant,
221 1708 264 1762 ut
279 1709 435 1784 repente
451 1689 543 1788 quast
556 1689 593 1763 in
608 1688 713 1764 aliurn
730 1707 896 1762 terrarum
913 1691 1037 1762 orbern
1052 1711 1130 1782 rap·
1147 1685 1151 1692 ’

97 1802 155 1859 tus
174 1789 267 1861 mihi
280 1789 432 1862 viderer.
482 1790 729 1863 occurrebant
742 1789 900 1864 Graecae
911 1788 1058 1860 Latinae
1084 1809 1130 1864 ue

98 1885 384 1980 Inscriptiones,
414 1888 641 1983 Anaglypha‚
675 1887 821 1976 Urnae,
856 1887 969 1970 Arae,
1002 1811 1128 1974 Bulla,

101 2003 219 2080 atque
239 1986 411 2073 Statuae3
438 2008 583 2082 quarum
604 1984 793 2058 nonnullae
816 1983 900 2056 naso
919 1980 990 2100 jpm
1016 1984 1130 2054 mino·

97 2097 182 2168 rer,
211 2077 254 2154 dr
267 2082 361 2176 pede
374 2084 429 2155 uel
443 2083 588 2159 brachio
603 2087 808 2171 truncatae,
833 2081 1013 2176 deplorare
1029 2079 1128 2154 vide-

100 2181 235 2253 bantur
255 2183 314 2253 vel
329 2183 553 2256 barbarorum
573 2179 822 2272 stoliditatem,
848 2178 907 2252 vel
922 2175 1023 2274 ipsius
1040 2198 1129 2251 tenu·

99 2281 199 2371 poris
219 2278 409 2374 injuriam
430 2282 519 2357 aliae
541 2276 726 2355 fauentem·
738 2278 850 2373 magis
872 2295 1039 2371 expertae
1055 2277 1128 2353 sor·

100 2395 250 2464 tunam,
276 2377 475 2457 inviolatae
499 2379 635 2469 adbuc,
659 2378 806 2473 priscam
830 2375 1055 2451 ostentabant
1074 2398 1128 2450 ar·

100 2493 176 2549 tem
201 2472 243 2548 dr
264 2476 548 2568 pulcritudinem.
600 2479 762 2574 Longum
786 2475 878 2549 soret
905 2478 1023 2547 omnia
1047 2460 1128 2571 per·

101 2576 270 2662 censere,
295 2596 388 2670 quae
406 2575 469 2650 liic
482 2578 604 2651 oculos
620 2577 842 2668 animumque
857 2570 1032 2647 deledlare
1049 2596 1128 2666 pos·

102 2671 173 2745 lint
182 2666 207 2758 ς’
217 2673 351 2746 Bacchi
374 2692 492 2747 minen
514 2675 692 2747 alludente
714 2674 863 2767 Satyro,
888 2687 992 2764 atque
1017 2670 1127 2765 Apol·

102 2770 192 2843 linis
209 2771 336 2864 tripodi
358 2769 418 2844 suo
441 2772 624 2846 innitentis
643 2770 737 2867 signa
752 2768 922 2844 mirabilia
936 2766 1128 2859 praeterire

101 2888 273 2959 nequem
294 2868 374 2963 quin
390 2867 428 2943 dr
441 2869 609 2943 intaslum
625 2868 648 2943 si
663 2871 853 2963 relinquam
871 2866 1003 2939 veteris
1022 2884 1127 2963 togae

101 2968 145 3039 in
161 2966 317 3039 Consulis
331 2966 511 3063 cujusdam
526 2967 678 3048 Rotnani
694 2966 806 3039 statua
822 2967 991 3038 ambitum
1005 2961 1043 3037 dr
1062 2967 1125 3037 mi-

99 3064 253 3138 rabilem
277 3065 513 3160 plicaturam,
546 3066 749 3141 Germanici
769 3062 1038 3160 pulcherrimum
1067 3086 1125 3137 ca·

12 3247 16 3259 ,
101 3182 197 3257 put,
230 3163 450 3260 aliorumque
471 3166 644 3258 plurium3
678 3160 1051 3259 magnificentissimam
1075 3178 1126 3232 ta·

104 3284 186 3335 rnen
209 3261 308 3335 illam
334 3258 483 3357 Augusti
506 3262 654 3337 statuam
675 3260 811 3335 silentio
837 3258 1026 3355 praeterire
1053 3282 1125 3333 nnn

104 3360 251 3455 possum.
278 3358 383 3462 Quae
399 3360 542 3455 quidem
559 3379 635 3434 tuta
649 3381 693 3434 ex
708 3356 1046 3431 marmorecandldo
1063 3358 1124 3429 bu.

107 3482 206 3532 mana
220 3460 438 3552 aliquantum
460 3461 571 3553 rnaj0r
591 3460 718 3533 statura
734 3459 898 3551 surgens,
926 3456 1029 3527 Urbis
1051 3456 1121 3527 Ro·

108 3552 1121 3651 manaeOrbisquedomitorern&praestantiffimurnPrin·

106 3656 219 3748 cipem
243 3656 360 3727 oculis
386 3653 512 3727 uostris
527 3653 660 3738 offert,
685 3654 804 3739 cultu,
829 3676 898 3748 quo
915 3672 1049 3723 tantum
1068 3652 1122 3724 vi·

106 3775 180 3823 rurn
198 3754 374 3842 decebat,
398 3752 587 3826 elaborata.
639 3750 827 3825 Veriffima
854 3770 948 3836 certe
971 3752 1040 3821 oris
1061 3773 1122 3822 ue.

108 3851 248 3924 nerandi
271 3851 487 3923 lineamenta
509 3852 552 3924 ad
578 3850 848 3948 praestantiores
868 3848 1025 3944 ejusdem
1053 3850 1121 3919 lm·

104 3948 276 4045 peratoris
295 3970 461 4025 nummus
476 3952 618 4048 egregie
638 3948 864 4039 accedentia,
890 3946 1006 4021 nescio
1018 3968 1125 4115 l‹puern

612 4050 686 4090 ”O
711 4070 730 4141 3
1033 4064 1130 4137 -0n0,
